3513 4640
828 214 917 321 ¹o
948 246 1004 320 B
1041 243 1504 356 S.'E·R}VA
1529 247 1622 322 ·‘r
1651 250 1687 324 1
1721 247 1791 325 o
1822 247 2006 328 NE
2039 248 2111 324 s.
2250 245 2265 254 “
2648 246 2818 343 733

108 414 122 434 ¹
181 427 311 477 :me
357 424 838 480 commentata
906 406 994 479 ad
1066 409 1276 480 eund.
1325 425 1451 482 art.
1493 431 1557 501 5.
1593 434 1654 483 n.
1704 417 1776 499 5.
1871 409 1954 482 Id
2006 413 2181 481 vero
2207 402 2385 505 'jam’
2421 403 2802 506 quaeritur,
2882 450 2944 503 ,ι

199 502 249 576 fi
296 507 681 599 periculum
753 505 1129 577 immineat
1202 506 1439 579 oneris
1507 508 1763 596 celati,
1832 528 1920 578 an
1975 525 2261 600 emptor
2322 505 2467 578 sme
2533 503 2808 576 satisda-

203 599 396 674 tione
444 603 530 675 ad
595 601 1014 674 solutionem
1065 627 1106 675 a
1152 604 1533 676 venditore
1601 590 1762 702 cogi
1827 604 2099 699 possit?
2201 602 2415 703 Quod
2470 601 2806 682 dubitati-

179 715 735 789 =onemmovet‚
787 700 927 788 est,
969 700 1173 796 ⁴qnod
1225 695 1641 798 regularite‘r
1688 702 2026 775 venditor
2075 699 2160 772 ad
2213 700 2588 797 specialem
2638 722 2800 771 cau-

197 794 464 868 tionem
515 798 863 894 obligatus
915 820 1056 869 non
1111 799 1240 888 fit,
1297 800 1422 872 nisi
1476 799 1548 871 id
1598 799 1821 895 ipsum
1873 799 1948 871 in
1998 797 2366 871 contractu
2415 795 2801 895 emptionis

196 894 507 990 expreffe
557 896 822 967 dietum
873 894 974 968 fit.
1025 899 1068 968 Ι.
1107 920 1169 986 4.
1204 915 1318 993 pr2
1343 900 1386 968 l.
1421 904 1537 986 56.
1565 917 1663 992 pr.
1692 896 1781 992 ff.
1820 898 1894 967 de
1929 899 2143 972 Evift.
2195 916 2536 970 caeterum
2586 900 2885 988 gene-T
2920 917 2929 922 “
2976 921 2983 922 ’

191 992 314 1062 rali
363 992 817 1087 promissione
889 992 978 1064 de
1031 1016 1108 1064 re
1158 993 1615 1086 defendenda
1682 992 2087 1067 satisfaciat.
2184 994 2290 1066 Eo
2359 1013 2799 1080 tamen-non

188 1087 554 1178 obstante,
605 1090 691 1163 ad
758 1089 1176 1185 praesentem
1246 1091 1703 1186 quaestionem
1770 1090 2339 1186 respondendum
2402 1111 2730 1187 putarem
2768 1143 2796 1178 ‚

188 1207 582 1281 emptorem
666 1210 811 1260 non
882 1188 1113 1260 teneri
1167 1189 1565 1283 persolvere
1612 1186 1925 1284 pretium
1991 1193 2370 1285 antequam
2436 1188 2528 1260 de
2575 1209 2798 1261 onere
2866 1231 2883 1243 κ

188 1304 331 1356 non
402 1283 721 1358 revelato
793 1307 922 1380 per
1013 1285 1250 1357 datam
1320 1310 1360 1359 a
1405 1286 1790 1361 venditore
1862 1285 2271 1362 cautionem
2345 1285 2622 1361 securus
2689 1283 2799 1357 fit.

188 1381 261 1452 Si
303 1382 539 1470 enim,
593 1384 666 1454 in
720 1382 878 1454 casu
924 1384 1159 1454 oneris
1208 1382 1391 1457 illius
1433 1383 1763 1482 probati,
1831 1382 1946 1472 id,
1998 1409 2137 1481 quo
2191 1407 2302 1456 res
2351 1405 2592 1480 empta
2613 1379 2744 1456 obi

185 1478 413 1552 minus
469 1481 685 1576 digna
731 1478 860 1569 sit,
913 1502 1278 1576 ‚omneque
1341 1482 1537 1554 suum
1601 1480 1931 1554 interesse
1986 1483 2369 1577 deprimo
2431 1479 2796 1578 solutionis

190 1577 494 1651 termino
547 1577 861 1649 retinere
899 1575 1102 1670 poffit
1135 1595 1455 1672 emptor,
1511 1578 1616 1650 uti
1646 1578 1720 1650 in
1762 1580 1987 1650 Comm.
2010 1579 2165 1651 add.
2189 1595 2314 1652 art.
2339 1601 2405 1668 5.
2460 1579 2798 1675 probavi?
2882 1625 2909 1635 s

165 1674 351 1769 3quid
427 1694 625 1752 vetet
664 1730 686 1765 ‚
769 1669 954 1744 eum‘
1007 1698 1047 1745 a
1111 1673 1329 1770 pretii
1400 1675 1747 1748 solutione
1814 1671 2082 1748 'cessare
2162 1674 2396 1771 quoad
2457 1676 2583 1753 fibi
2659 1696 2792 1773 per

186 1771 711 1846 satisdationem
758 1767 1184 1844 satisfactum
1252 1770 1354 1847 fit.
1451 1772 1744 1846 Constat
1810 1772 2008 1845 enim
2077 1770 2267 1846 inter
2321 1796 2605 1863 omnes,
2663 1794 2792 1868 pro
2887 1759 2928 1832 3

184 1869 426 1942 debito
476 1869 551 1941 in
600 1869 816 1957 diem,
866 1866 978 1941 vel
1025 1869 1142 1943 sub
1192 1867 1633 1962 conditione,
1682 1889 1851 1943 ante
1902 1870 2090 1942 diem
2140 1875 2255 1946 vel
2302 1871 2842 1964 conditionem·

182 1966 376 2039 reete
420 1966 536 2064 agi
585 1966 671 2039 ad
720 1965 1168 2040 securitatem
1190 2003 1222 2055 ,⁴
1262 1967 1310 2040 fi
1358 1967 1731 2042 immineat
1783 1967 2225 2064 periculum3
2278 1989 2383 2041 uti
2441 1967 2590 2064 Obs.
2631 1981 2791 2061 183.

181 2067 512 2161 probavi:
587 2083 666 2137 ut
734 2063 1035 2156 proinde
1086 2064 1340 2136 eadem
1392 2065 1690 2159 periculi
1753 2068 1938 2138 ratio
1991 2065 2210 2139 etiam
2260 2067 2335 2139 in
2386 2068 2519 2141 hac
2570 2065 2795 2163 hypo·

182 2164 353 2236 thesi
406 2184 557 2236 non
619 2160 824 2257 poslit
888 2184 1029 2233 non
1097 2160 1421 2247 efficere,
1493 2183 1571 2236 ut
1644 2185 1955 2258 emptor,
1997 2184 2379 2261 antequam
2427 2163 2646 2238 solvat
2700 2163 2794 2237 de

180 2259 560 2334 securitate
608 2261 691 2333 fit
741 2258 1113 2348 sollicitus,
1173 2282 1274 2331 ne
1322 2259 1545 2334 soluto
1593 2260 1830 2357 pretio
1882 2261 2093 2335 variis
2156 2284 2248 2336 ex
2299 2262 2517 2338 cautis
2565 2261 2795 2359 inanis

182 2360 253 2431 in
306 2357 760 2432 venditorem
813 2354 1155 2451 regressus
1207 2356 1426 2453 ipsum
1490 2380 1777 2433 maneat
1841 2360 2256 2456 periculum.
2355 2360 2522 2533 (ἔξω
2571 2359 2794 2450 facit,

182 2456 692 2554 quoddieitur‚
743 2455 1072 2551 praestare
1108 2453 1532 2551 intempore
1564 2457 2006 2554 praevenire,
2070 2483 2279 2556 quam
2298 2482 2393 2554 po
2478 2457 2797 2533 vulnera-

180 2575 325 2627 tam
374 2554 651 2629 causam
699 2554 1094 2626 remedium
1143 2576 1482 2648 quaerere.
1578 2556 1844 2652 Neque
1891 2556 2084 2630 enim
2135 2553 2278 2629 fine
2347 2555 2795 2631 satisdatione

177 2652 292 2726 iila
329 2652 417 2725 de
472 2655 626 2744 iure
680 2651 1024 2724 dicendus
1065 2651 1203 2721 erit
1255 2652 1590 2725 venditor
1637 2675 1792 2724 ¹rem
1831 2652 2050 2749 ipsam
2098 2651 2526 2746 transferre,
2566 2656 2673 2729 uti
2698 2676 2795 2728 ex

178 2747 1041 2833 contra&u‚venditionis
1089 2767 1432 2839 tenetur,
1496 2749 1834 2846 quamdiu
1886 2753 2001 2825 vel
2048 2774 2201 2824 rem
2251 2753 2336 2824 ab
2387 2750 2518 2826 isto
2569 2774 2793 2828 onere
2882 2842 2887 2849 ι

181 2868 324 2922 non
377 2846 838 2936 liberaverit,
905 2845 1023 2921 vel
1091 2868 1180 2916 eo
1248 2847 1539 2919 nomine
1605 2868 2012 2943 emptorem
2084 2873 2227 2923 non
2283 2848 2541 2924 fecerit
2600 2851 2791 2927 secu·

176 2972 355 3019 mm.
408 2969 555 3041 arg.
609 2946 652 3016 I.
705 2966 815 3037 27.
820 2942 922 3115 g
962 2945 1036 3014 de
1067 2944 1264 3017 Solut.
1320 2940 1404 3026 ὃ)
1438 2946 1688 3018 liberat.
1760 2946 1921 3033 ubi,
1969 2948 2017 3021 fi
2064 2971 2176 3019 res
2227 2947 2515 3042 quidem
2568 2942 2787 3023 tradi·
2875 2966 2933 3044 4

177 3043 567 3128 tafuerit,
614 3065 767 3140 quae
911 3042 1247 3128 bebatur,
1316 3042 1653 3140 quamdiu
1711 3041 1978 3138 aliquid
2030 3045 2163 3134 iuri
2212 3042 2319 3116 rei
2370 3042 2613 3137 deest,
2663 3045 2784 3123 ad-

171 3142 313 3217 hue
362 3164 605 3215 tamen
658 3138 865 3235 ipfius
911 3136 1017 3210 rei
1063 3135 1323 3232 petitio
1373 3137 1829 3214 conceditur:
1880 3161 1957 3214 ut
2008 3141 2102 3214 fic
2144 3161 2430 3237 emptor
2476 3154 2649 3217 rem*
2683 3143 2791 3240 ip·

167 3244 314 3315 sam
364 3244 626 3314 habere
677 3238 821 3309 non
869 3234 1237 3322 videatur,
1298 3236 1532 3310 donec
1567 3238 1681 3336 jus
1731 3234 2089 3334 quoddam
2153 3237 2506 3315 cautionis
2553 3242 2791 3340 super·

168 3340 276 3413 fit.
400 3337 784 3432 Utcunque
870 3335 1089 3432 igitur
1190 3330 1734 3408 instrumentum
1820 3336 1909 3410 de
1999 3337 2115 3411 illa
2215 3334 2554 3413 cautione
2638 3363 2789 3417 non

163 3436 544 3531 loquatur-3
619 3430 1010 3527 praestanda
1076 3450 1317 3505 tamen
1386 3432 1527 3505 erit
1574 3454 1660 3504 ea
1710 3432 1855 3527 ipsa
1905 3436 2044 3508 hoc
2102 3435 2175 3507 in
2228 3438 2385 3509 casu
2436 3462 2529 3512 ex
2578 3438 2787 3528 ipfius

169 3529 578 3604 contraeas
629 3548 919 3601 natura:
967 3552 1120 3625 quae
1171 3551 1264 3604 ex
1313 3527 1656 3605 Paroemia
1705 3529 1991 3628 nostra:
2093 3533 2549 3633 &mmmm
2593 3534 2787 3632 [janu

167 3628 503 3726 wahren(
567 3628 639 3700 in
705 3652 793 3699 eo
864 3624 1212 3712 consistit,
1281 3647 1359 3700 ut
1425 3647 1709 3724 emptor
1771 3629 2028 3704 liberos
2069 3648 2427 3703 'nummos
2493 3635 2781 3707 tradens
2877 3590 2928 3674 ς

170 3753 328 3801 rem
410 3744 688 3824 quoque
750 3725 1040 3798 liberam
1089 3721 1415 3821 accipiat.
1502 3728 1549 3798 I.
1615 3731 1721 3801 16.
1763 3746 1864 3822 pr.
1895 3726 1993 3824 ff.
2045 3729 2119 3800 de
2145 3732 2362 3802 Eviet.
2416 3728 2489 3803 in
2538 3731 2786 3828 quibus
2876 3756 2883 3759 ·

164 3823 470 3901 vicislim
522 3822 929 3920 praestandis
982 3840 1265 3916 emptor
1313 3822 1389 3895 &
1434 3823 1805 3913 venditor,
1856 3850 1988 3898 ceu
2037 3827 2485 3918 correlativi,
2535 3827 2796 3900 eodem
2942 3826 2955 3837 '

175 3923 330 4024 j‘ure
386 3923 803 4011 censentur,
850 3919 928 3992 <Sc
973 3942 1102 4019 par
1152 3921 1505 4017 utriusque
1554 3920 1756 3993 causa
1795 3920 1872 3996 ὅ(
1902 3924 2229 3999 conditio*
2275 3922 2400 3998 est.
2494 3926 2576 3999 Id
2651 3926 2795 4003 uod

178 4026 333 4131 non
378 4022 612 4098 minus
662 4045 754 4096 ex
803 4019 1574 4193 ipso-contrahengum
1629 4019 2006 4117 consensu,
2071 4023 2192 4119 qui
2238 4021 2543 4099 formam
2642 4026 2797 4097 edit

201 4144 270 4167 μ’
1479 4141 1699 4194 aaaa
1753 4138 1797 4191 2
2354 4144 2357 4149 ·
2632 4144 2801 4197 con·
