3513 4640
955 141 2248 275 onsnkvarronssa-
2640 225 2908 299 ,ιμ

288 379 598 470 rumque
645 354 792 456 juri
841 353 1259 447 statutariO,
1312 352 1796 454 &dispositio
1840 355 2150 433 hominis
2199 357 2461 436 cess‘are
2513 355 2734 437 faciat
2780 363 2911 438 dis-

277 457 722 554 pofiuonem
776 455 974 554 legis.
1071 457 1292 528 Prout
1353 456 1665 528 moribus
1730 452 1983 528 nostris
2036 455 2114 530 δι
2174 458 2327 555 jure
2375 458 2914 535 consuetudina-

276 555 404 627 rio
450 554 695 651 passim
739 562 1039 651 recepto
1097 554 1224 644 ea,
1273 574 1430 651 quae
1475 550 1697 648 pastis
1744 551 1936 626 hisce
1983 554 2366 631 constituta
2426 556 2628 649 sunt,
2674 559 2906 633 omni-

270 652 505 727 modo
562 651 911 727 servanda
977 647 1115 723 esse
1155 706 1176 739 ,
1257 672 1506 745 omnes
1571 649 1737 722 DD.
1802 673 1949 723 uno
2017 676 2142 724 ore
2213 648 2605 729 clamitant.
2703 656 2903 732 Vide

278 772 523 825 meam
577 752 915 823 Commeat.
961 745 1448 843 ad,quormut.
1501 749 1724 821 Velav.
1756 767 1889 842 cap.
1914 769 2043 841 27.
2078 763 2203 821 art.
2253 776 2312 825 1.
2348 777 2411 826 n.
2460 777 2520 828 1.
2622 752 2729 827 Ut
2775 754 2899 829 hu-
2960 773 3013 846 ,ς
3123 752 3128 755 ’

253 847 583 947 jusmodi
639 844 1036 942 stipuiatim
1098 843 1311 918 semel
1363 841 1582 940 pastis
1632 846 1983 918 dotalibus
2033 845 2351 938 firmata,
2402 848 2596 923 suum
2643 850 2906 926 habeat
2958 892 2962 898 ·

277 944 626 1022 effestum
667 1001 690 1034 ‚
761 942 1034 1024 ,etiamsi
1099 939 1349 1037 expost
1394 965 1524 1037 per
1570 940 1915 1015 domicilii
1962 947 2440 1020 mutationem
2484 946 2636 1020 aliis
2686 948 2772 1038 se,
2808 950 2904 1022 le·

262 1044 491 1142 'gibus
564 1040 1008 1118 submiserint
1073 1041 1431 1136 conjuges».
1532 1040 1728 1112 Cum·
1773 1039 2029 1134 prioris
2094 1041 2438 1118 domicilii
2500 1046 2901 1119 mutatione

264 1159 590 1254 propter
657 1140 1048 1221 contrarias
1114 1136 1233 1208 scu
1298 1134 1602 1210 diversas
1669 1135 2083 1232 posterioris
2137 1140 2684 1215 consuetudines
2750 1167 2898 1217 non

262 1239 768 1336 infringantur
816 1236 934 1309 seu
997 1235 1390 1311 alterentur
1438 1234 1956 1309 conventiones
2007 1234 2228 1333 pastis
2299 1239 2900 1337 antenuptialibus

271 1337 539 1425 initae3
585 1336 696 1407 uti
743 1332 884 1407 late
934 1330 1596 1429 Garis.1.Adve1sar.
1640 1354 1704 1424 7.
1801 1333 1919 1404 De
1969 1333 2077 1407 his
2130 1355 2418 1427 autem,
2460 1361 2616 1435 quae
2658 1337 2896 1414 liberis
2963 1363 3015 1435 6

268 1434 316 1509 ὲ
370 1430 865 1525 compatribus
916 1453 1008 1505 ex
1057 1428 1567 1502 consuetudine
1613 1429 1690 1501 in
1737 1427 2081 1524 baptifino
2129 1432 2285 1506 dari
2318 1434 2583 1527 solent,
2630 1435 2896 1512 nostra·
2947 1464 2957 1529 J

267 1531 475 1606 tibus
531 1526 992 1627 waben}
1052 1525 1369 1601 statuunt
1440 1526 1904 1624 Pragmatio,
1972 1529 2048 1601 in
2098 1528 2141 1601 s
2176 1529 2413 1607 eciem
2479 1553 2760 1608 tantum
2806 1559 2896 1610 ea

262 1627 524 1703 liberis
592 1624 959 1713 conferri3
1026 1647 1105 1696 re
1164 1646 1340 1696 vero
1392 1623 1536 1718 ipsa
1593 1625 2007 1718 parentibus
2074 1649 2122 1722 p
2152 1650 2290 1701 eno
2346 1631 2507 1727 jure
2579 1633 2892 1730 acquiri,

277 1725 595 1822 ideoque
661 1725 746 1796 ab
812 1720 965 1794 aliis
1023 1745 1164 1794 non
1237 1720 1532 1817 praecipi
1599 1721 1672 1792 in
1745 1720 2039 1821 familiae
2106 1726 2534 1817 erciscundae
2602 1728 2904 1824 judicio,

287 1820 449 1918 Bus.
484 1824 561 1892 αᾶ
590 1822 634 1891 I.
664 1845 727 1914 3.
765 1844 824 1892 n.
861 1842 927 1909 5.
936 1817 1033 1914 ff
1066 1821 1141 1890 de
1164 1819 1291 1890 His
1323 1823 1428 1913 qui
1440 1816 1552 1915 fiai
1589 1820 1692 1891 vel
1720 1821 1913 1894 alien.
1939 1824 2077 1915 jur.
2116 1821 2394 1919 Wzffin.
2429 1825 2631 1910 Prax.
2665 1829 2899 1903 Notar.

291 1939 432 2015 cap.
467 1942 574 2013 13.
605 1916 668 2014 §.
707 1939 825 2008 52.
870 1914 953 1999 δέ)
989 1919 1154 1991 DD.
1204 1918 1358 1988 ibid.
1402 1920 1592 2012 alleg.
1688 1916 1754 1988 A
1805 1918 2052 2012 quibus
2101 1938 2342 1994 tamen
2389 1921 2704 1997 dissentit
2739 1924 2892 1996 Cla-

289 2015 525 2090 riflim.
568 2012 970 2126 Pagenstech.
1003 2018 1070 2083 in
1109 2012 1391 2111 Jurzstir.
1427 2015 1722 2087 Polemic.
1749 2029 1924 2106 part.
1964 2018 2278 2114 2.·quoest.
2318 2042 2432 2096 21.
2482 2021 2603 2094 ubi
2657 2020 2898 2096 multis

273 2112 722 2215 argumentis
741 2110 1124 2185 hberorum
1173 2112 1770 2184 causain'conatur
1817 2110 2235 2192 defendere.
2279 2119 2490 2216 Cujus
2540 2120 2897 2195 sententia

279 2212 446 2314 Juri
493 2208 851 2285 Saxonico
913 2207 1201 2283 videtur
1248 2205 1679 2286 conformis.
1716 2211 2031 2305 Carpzov.
2084 2210 2368 2309 Jurispr.
2423 2218 2562 2289 For.
2599 2235 2773 2314 part.
2828 2241 2894 2308 2.

281 2309 488 2410 confi.
529 2332 641 2402 24.
679 2307 807 2408 def.
854 2320 959 2393 18.
1010 2306 1179 2382 dum
1231 2303 1513 2380 ΕΙεᾶὶοι·
1560 2305 1632 2379 in
1683 2309 2025 2380 concursu
2070 2312 2506 2387 creditorum
2553 2313 2744 2389 inter
2774 2315 2900 2413 hy-

403 2405 758 2481 thecarios·
814 2406 1118 2481 collocat
1181 2402 1400 2493 filiam
1466 2406 1748 2477 ratione*
1814 2427 2229 2497 munerum,
2292 2434 2447 2506 quae
2500 2410 2626 2505 ipfi
2673 2414 2902 2506 bapti.

325 2525 475 2580 atae
537 2504 736 2579 testes
810 2501 1194 2602 baptismi,
1282 2527 1416 2576 ceu
1499 2499 1821 2575 tesseram
1889 2500 2058 2575 fidei
2122 2504 2308 2580 dat‘ae
2343 2562 2364 2596 ,
2431 2505 2894 2583 donaverant.

261 2600 521 2717 -Quod
577 2603 790 2677 etiam
852 2602 1042 2700 apud
1089 2624 1216 2675 nos
1269 2599 1416 2674 usui
1463 2598 1601 2675 esse
1650 2598 1911 2696 posset,
1976 2600 2134 2675 casu
2180 2627 2322 2701 quo
2373 2604 2528 2703 lege
2575 2604 2901 2679 donatio·
2976 2684 2991 2701 ,

273 2724 400 2779 ms
456 2721 742 2776 cautum
796 2702 1181 2798 probetur,
1237 2718 1316 2774 ut
1361 2721 1448 2771 ea
1494 2697 1760 2771 donata
1805 2698 2255 2795 acquirantur
2302 2703 2685 2798 baptisato.
2727 2706 2892 2779 DD.

254 2800 473 2901 supra
519 2804 633 2877 cit.
735 2798 1078 2894 Similiter
1141 2816 1278 2869 nec
1323 2795 1747 2871 vestimenta
1815 2795 2167 2893 utriusq-ue
2232 2801 2441 2897 conju
2496 2802 2554 2873 's
2600 2797 2893 2877 habenti
2963 2804 3013 2880 7
3063 2877 3064 2880 ,

271 2900 648 2974 debentur
759 2896 1105 2992 raecipua‚
1169 2892 1291 2967 sed
1337 2892 1410 2965 in
1477 2915 1860 2972 commune
1921 2894 2359 2970 conferenda
2404 2826 2896 2997 &leglaequaliter

270 2998 477 3073 ntrin
527 3018 628 3067 ue
722 2991 1060 3085 ividenda
1106 2991 1307 3081 funt]
1353 2990 1469 3063 vel
1520 2990 1761 3063 saltem
1810 3013 2062 3066 eorum
2107 2991 2543 3091 inaequalitas
2588 3000 2897 3094 pecunia
2954 3050 2962 3059 -

269 3096 398 3171 vel
469 3023 630 3169 fiiis
685 3095 896 3181 rebus
967 3088 1439 3166 haereditariis.
1511 3087 2126 3187 aequipollentibus
2193 3093 2713 3188 compensanda
2771 3096 2930 3192 est„

273 3197 471 3270 Cum
516 3193 597 3264 in
648 3187 1022 3264 universali
1086 3186 1319 3261 nostra
1372 3185 1560 3258 inter
1624 3188 1967 3284 conjuges
2010 3188 2517 3264 communione
2564 3192 2740 3267 nihil
2789 3217 2898 3267 re-

274 3308 581 3370 maneat
648 3307 1037 3381 exceptum
1097 3305 1219 3357 aut
1263 3284 1392 3355 uni
1436 3307 1581 3377 prae
1635 3284 1859 3356 altero
1926 3282 2335 3381 proprium,
2404 3310 2498 3363 ex
2545 3291 2897 3367 notiffima

265 3385 666 3491 paroemia:
762 3384 995 3472 matt
1043 3397 1130 3464 m
1191 3380 1472 3479 mcum
1522 3378 1784 3479 othum·
1836 3392 2011 3476 nem
2064 3379 2472 3482 hostheim
2532 3390 2736 3484 auen.
2802 3390 2896 3463 de

266 3513 416 3589 qna
462 3509 565 3561 ex
618 3482 932 3582 profeffo
999 3482 1199 3555 Anth.
1237 3481 1480 3552 Matth.
1521 3501 1779 3576 paraem.
1818 3501 1883 3552 2.
1948 3479 2063 3570 vel
2110 3479 2201 3574 fi,
2254 3482 2535 3557 exclusa
2578 3510 2896 3561 commu·

266 3588 502 3665 nione
555 3579 954 3677 conjugali,
1003 3577 1182 3652 lucri
1223 3595 1524 3660 ⁴tantum
1573 3575 1651 3651 ἃ
1695 3572 1963 3670 damnis}
2008 3578 2373 3656 commeta
2411 3580 2499 3657 fit
2540 3580 2839 3657 societas
2868 3639 2899 3674 ,

907 3676 1193 3754 alterius
1238 3673 1665 3750 vestimenta
1706 3676 1946 3750 minus
2008 3676 2189 3749 lucri
2239 3675 2384 3770 est,
2435 3702 2568 3789 pro
2611 3679 2897 3753 ratione

863 3776 908 3850 ri
968 3775 1158 3873 parti
1221 3771 1663 3848 resarcietur.
1762 3774 1904 3848 Sed
1950 3797 2124 3849 vero
2175 3797 2322 3848 non
2395 3774 2745 3867 diffiteor,
2791 3776 2899 3852 in-
2946 3810 2951 3815 ·

888 3870 1248 3976 saepifflme
1295 3869 1587 3956 cuilibet
1609 3928 1639 3966 ,.
1686 3895 1844 3972 quae
1890 3869 2181 3954 vestitui
2224 3868 2635 3972 inserviunt,
2683 3873 2895 3951 relin-

1436 4025 1769 4164 ‘'53
2619 4069 2902 4161 13&
