3513 4640
515 2787 570 2864 6

633 214 781 304 640
1416 206 1475 282 P
1535 205 1642 281 -R
1732 191 1804 282 A
1898 206 1961 282 C
2052 206 2127 282 Τ
2221 208 2263 284 Ι
2353 207 2415 283 C
2507 204 2604 283 Ε

629 363 795 442 fieri
843 364 1050 463 poffit
1099 391 1230 466 per
1277 368 1703 467 epistolam?
1799 367 2208 444 Secundum
2271 368 2390 465 jus
2450 368 2861 454 Romanutu'
2922 365 3091 442 stine
3142 361 3262 437 de·

637 463 806 573 cilio
854 466 1149 541 inclinat
1216 467 1290 580 in
1343 471 1763 582 negantium
1813 487 2101 563 partes:
2200 466 2692 577 cum-eodem
2755 467 2908 561 jure
2980 463 3264 561 delega-

641 581 749 634 tio
798 561 924 637 fiat
975 589 1104 660 per
1153 565 1725 663 stipulationem,
1792 586 2158 662 quaefflon
2220 564 2349 641 nisi
2392 586 2585 640 inter
2632 562 3019 662 prael‘entes
3066 559 3148 633 δι
3196 558 3264 633 se

623 681 895 734 mutuo
941 662 1356 754 audientes,
1407 686 1852 765 nequaquam
1902 662 2097 738 inter
2144 662 2506 754 absentes„
2553 661 3073 833 interippnitur.
3118 661 3166 730 Ι.
3205 682 3265 733 1.

631 778 738 856 pr.
752 753 872 855 ff(
901 761 975 831 de
1005 762 1190 836 Wrb.
1238 764 1359 844 obl,
1460 765 1779 852 Verum,
1833 784 1998 836 cum
2065 763 2377 835 moribus
2428 761 2663 835 omnis
2791 758 3272 857 'pulationum

643 856 754 929 vis
806 855 898 929 ad
944 857 1149 953 pasta
1195 858 1530 936 transsata
1557 862 1702 951 fit,
1754 857 1953 931 adeo⁴
1988 878 2067 932 ut
2132 860 2377 933 omnia
2439 858 2637 946 loca,
2706 856 2782 930 in
2824 857 3088 955 quibus
3135 877 3269 950 per

611 947 842 1051 ‘leges
892 956 1236 1031 traditum
1284 958 1404 1033 est
1436 958 1964 1055 stipulationem
2014 955 2432 1046 deiiderari,
2481 955 2792 1045 cess'ent,
2868 974 2948 1027 ut
2996 952 3266 1026 exsole-

647 1068 745 1124 ta.
797 1053 1086 1126 Gudelin.
1138 1057 1217 1126 de
1265 1058 1425 1152 Jur.
1466 1056 1712 1152 Noviffi
1752 1057 1865 1128 Ilb.
1920 1077 1986 1148 3.
2043 1074 2175 1149 cap.
2224 1077 2292 1145 5.
2333 1051 2490 1149 veis
2547 1056 2754 1126 Nulla
2798 1053 3143 1149 disbinfflo.
3195 1051 3275 1123 in

647 1148 809 1222 foro
876 1152 1289 1246 praevaluit,
1353 1155 1573 1227 etiam
1639 1157 1831 1246 inter
1912 1151 2231 1224 absentes
2345 1174 2424 1224 er
2486 1150 2855 1248 epistolam
2922 1148 3279 1245 delegati·

648 1271 866 1319 onem
914 1248 1187 1342 perfici.
1289 1251 1620 1362 Quippe,
1675 1275 1839 1323 cum
1910 1272 2125 1322 omne
2177 1177 2458 1346 pagium
2508 1251 2692 1346 apud
2745 1272 2873 1320 nos
2926 1245 3278 1342 stipulati·

645 1345 773 1417 oni
825 1345 1280 1442 aequivaieat,
1348 1350 1674 1422 dubitare
1720 1371 1868 1421 non
1917 1346 2127 1436 licet,
2181 1347 2401 1421 etiam
2468 1370 2787 1436 mutum,
2852 1344 3136 1420 surdum
3194 1341 3278 1418 δε

651 1442 1014 1516 absentem
1045 1468 1194 1540 .per
1238 1444 1645 1540 epistolam,
1697 1446 1809 1520 vel
1864 1449 2245 1534 nuncium,
2296 1444 2506 1544 paeto
2554 1443 2871 1543 obligari.
2925 1446 2970 1516 1.
2995 1466 3063 1518 2.
3087 1442 3275 1540 ffide

646 1541 829 1615 Ραὲἶ.
930 1539 1101 1614 licet
1157 1540 1472 1639 stipulari
1536 1568 1682 1617 non
1734 1542 2012 1643 posfint.
2076 1546 2141 1615 d.
2194 1547 2241 1617 Ι.
2284 1568 2343 1618 1.
2399 1547 2583 1617 Coris
2620 1568 2694 1635 4.
2750 1539 3094 1638 Adverflzr.
3154 1562 3283 1633 ες.

649 1662 715 1711 η.
751 1661 814 1711 2.
883 1638 1099 1713 Prout
1147 1641 1366 1715 etiam
1420 1643 1612 1716 nudo
1664 1640 1872 1740 pafi‘to
1921 1641 2138 1715 hodie
2188 1643 2652 1726 novationem
2697 1640 2863 1715 fieri
2905 1640 2948 1711 a
2994 1641 3272 1713 Senatu

649 1735 1237 1834 Appellationum
1287 1737 1364 1812 ἃ
1410 1741 1729 1813 Scabinis
1779 1739 2244 1833 Lipsienfibus
2281 1740 2684 1837 judicatum
2751 1737 2979 1810 refert
3041 1741 3282 1832 Carpz.

654 1834 718 1906 d.
753 1831 907 1930 resp.
950 1859 1113 1925 105.
1151 1861 1210 1908 n.
1257 1859 1367 1928 14.
1466 1837 1800 1935 Requirit
1847 1835 2210 1934 delegatio
2257 1838 2666 1911 consensum
2714 1839 3075 1932 partium,
3121 1833 3279 1931 spe-

645 1931 896 2006 ciatim
942 1933 1161 2006 etiam
1212 1935 1404 2030 ejus,
1453 1938 1651 2035 cujus
1697 1958 1976 2008 nomen·
2011 1935 2420 2031 delegatur,
2469 1959 2605 2009 nec
2650 1934 2794 2009 fine
2843 1957 2932 2007 eo
2983 1932 3126 2007 rite
3158 1932 3273 2006 fir.

656 2031 848 2104 Sana.
881 2033 958 2102 da
983 2033 1126 2104 Λᾶ.
1166 2029 1316 2128 Ceffi
1352 2054 1486 2128 cap.
1523 2057 1597 2125 9.
1631 2059 1696 2105 n.
1742 2041 1854 2106 26.
1891 2031 2076 2105 Add.
2137 2035 2306 2106 Gaii.
2355 2055 2416 2106 2.
2449 2032 2568 2127 olqfi
2616 2056 2707 2127 30
2770 2057 2832 2105 n.
2871 2046 2938 2117 8.
3042 2029 3273 2126 Siqui-

625 2126 819 2201 dem
884 2128 959 2202 in
1013 2130 1165 2226 ej'us
1213 2153 1476 2203 nornen
1538 2132 1771 2204 omnis
1843 2128 2361 2204 transfunditur
2407 2130 2792 2229 obligatio,
2857 2133 3061 2204 omni
3120 2130 3280 2224 ejus

653 2223 973 2322 periculo
1022 2226 1096 2299 in
1151 2228 1583 2302 creditorem
1637 2227 2083 2317 transeunte,
2138 2225 2215 2301 &
2266 2231 2609 2325 primaeva
2656 2229 3098 2327 obligatione
3128 2249 3280 2327 ,pe-

653 2322 893 2414 nituS,
946 2349 1107 2399 cum
1174 2328 1499 2400 omnibus
1553 2326 1685 2400 suis
1735 2326 2171 2418 accessoriis,
2242 2328 2377 2400 hoc
2425 2326 2568 2417 est,
2621 2328 3033 2425 pignoribus
3066 2385 3090 2415 ‚
3140 2327 3189 2397 h
3244 2367 3280 2384 -

651 2421 1042 2521 potheciS,
1110 2423 1672 2517 fidejuffionibus,
1743 2423 1825 2498 ὅ(
1905 2424 2237 2499 fimilibus
2281 2481 2303 2511 ,
2380 2424 2663 2497 sublata.
2732 2428 2780 2497 1.
2862 2449 2972 2500 tt.
3034 2427 3171 2525 jun

654 2523 704 2593 1.
751 2534 855 2602 ¹8·
873 2519 972 2618 ff.
1005 2523 1080 2592 de
1121 2524 1361 2596 Novar.
1412 2526 1587 2597 Grot.
1622 2526 1684 2596 ά.
1721 2526 1770 2598 I.
1807 2524 2004 2597 Sana.
2045 2524 2120 2595 de
2147 2522 2289 2596 Aa.
2348 2523 2498 2619 Ceff.
2532 2545 2664 2619 cap.
2700 2546 2773 2613 9.
2821 2521 2890 2619 §.
2934 2534 3050 2598 26.
3095 2525 3283 2596 am·-

635 2618 810 2717 stin.
840 2623 925 2692 ad
959 2620 1109 2691 LL.
1151 2623 1449 2694 Mechlin.
1504 2626 1609 2693 tit.
1649 2645 1716 2714 7.
1766 2636 1899 2696 art.
1964 2627 2068 2694 16.
2122 2622 2189 2691 in
2238 2636 2341 2693 not
2407 2647 2470 2709 n.
2506 2644 2574 2712 5.
2624 2622 3056 2696 Grivell.dec.
3106 2642 3277 2695 nr.

658 2741 719 2787 n.
774 2739 845 2805 5.
890 2715 1210 2812 Mynfitzg.
1258 2721 1344 2790 ad
1376 2717 1435 2815 §
1464 2735 1788 2814 praeterea.
1839 2743 1903 2792 n.
1958 2741 2025 2805 4.
2070 2717 2233 2813 Inst.
2289 2721 2491 2821 Quib.
2550 2722 2708 2792 mod.
2755 2720 2889 2791 toll.
2946 2723 3076 2794 obl.
3174 2717 3280 2791 Et

657 2833 957 2908 propter
1004 2814 1186 2887 hanc
1232 2814 1708 2913 obligationisx
1760 2813 2313 2889 transfufionem.
2358 2817 2642 2891 obtinet
2700 2816 2921 2890 solum
2989 2816 3279 2914 delega-

642 2910 767 2983 tio
820 2910 895 2983 in
944 2911 1222 2984 afflone
1275 2913 1670 3008 personali:
1736 2913 2073 3010 quoniam
2126 2911 2256 2985 ista
2307 2912 2678 2988 transfusio
2730 2938 2875 2987 non
2943 2916 3145 2990 cadit
3190 2914 3277 2987 in

662 3005 1018 3083 actionem
1069 3009 1388 3101 realem,
1424 3035 1583 3097 ouae
1627 3010 1918 3108 proprie
1967 3034 2108 3083 non
2158 3010 2641 3107 praesupponit
2705 3013 3278 3113 obligationem,

504 3167 511 3173 .
656 3107 776 3182 sed
841 3130 1049 3203 quam
1109 3107 1258 3180 sola
1311 3108 1626 3206 posfessio
1691 3131 1784 3180 ex
1833 3128 2038 3198 parte
2103 3110 2248 3197 rei,
2317 3105 2397 3181 δε
2459 3110 2855 3184 dominium
2927 3136 3020 3186 ex
3062 3132 3291 3227 parte

658 3201 914 3278 afforis
962 3204 1316 3300 producit.
1371 3209 1652 3279 Alantic·
1677 3207 1753 3276 de
1791 3205 1932 3279 Tac.
1970 3203 2346 3301 &Ambig
2390 3219 2579 3283 va.
2637 3210 2746 3281 lib.
2808 3231 2914 3303 17.
2964 3217 3071 3283 tit.
3124 3233 3185 3285 1.
3218 3233 3291 3279 n.

659 3324 780 3395 21,
887 3301 1101 3398 Quod
1150 3305 1366 3400 igitur
1412 3306 1714 3399 Argentr.
1744 3305 1832 3375 ad
1872 3301 2145 3399 Consuet.
2193 3307 2516 3378 Brittann.
2577 3322 2704 3378 arta
2743 3328 2904 3401 273.
2950 3314 3017 3380 in
3056 3310 3281 3382 verbb.

661 3398 890 3472 Αέῖίοη
923 3396 1322 3496 PeerzmeIle.
1381 3426 1442 3474 n.
1493 3422 1614 3493 ¹7·‘
1650 3399 1808 3495 post
1878 3401 2121 3474 Bartol.
2179 3402 2438 3493 tradit,
2490 3400 2802 3476 afflones
2849 3406 3069 3481 etiam
3126 3430 3281 3480 rea-

658 3494 765 3567 les
812 3488 1179 3585 innovari,
1226 3499 1616 3594 improprie
1664 3496 2205 3595 intelligendum
2253 3498 2359 3572 est'
2376 3524 2398 3589 3
2462 3500 2793 3574 nimirum
2822 3557 2843 3589 ‚
2898 3506 3093 3601 quod
3146 3529 3286 3602 per

655 3590 984 3691 pastum,
1034 3598 1594 3669 conventionem
1644 3597 1763 3669 seu
1815 3594 2341 3691 stipulationem
2389 3597 2581 3672 inter
2625 3622 2864 3693 partes
2894 3604 3283 3679 conveniri

655 3689 866 3787 poflit
899 3747 922 3783 ,
974 3713 1049 3765 ut
1101 3689 1284 3766 affio
1331 3696 1404 3767 in
1457 3718 1607 3770 rem
1653 3690 2181 3787 exstinguatur,
2246 3694 2518 3791 aliaque
2570 3699 2718 3794 ejus
2766 3698 2927 3774 loco
2976 3701 3275 3779 induca-

659 3808 816 3862 tur:
881 3812 1021 3861 non
1073 3791 1667 3886 quemadmodum
1732 3792 1821 3863 in·
1862 3790 2315 3888 delegatione
2382 3814 2503 3866 aut
2565 3799 2957 3872 novatione
3007 3800 3135 3887 fit,
3188 3824 3270 3878 ut

658 3910 795 3973 una
843 3887 1185 3979 obligatio
1234 3888 1302 3960 in
1355 3889 1564 3965 aliam
1614 3887 2193 3974 transfundatur;
2242 3889 2347 3962 uti
2399 3892 2712 3982 explicat
2758 3895 2957 3969 idem
3024 3901 3283 3979 Bar-tol.

493 4016 506 4051 ;
653 3986 814 4060 adl.
859 4010 921 4061 1.
958 3982 1019 4084 §.
1061 3988 1426 4085 [judiciales.
1464 4014 1529 4065 n.
1590 4011 1705 4063 11.
1745 3988 1822 4060 de
1854 3982 1941 4085 ff.
1973 3986 2048 4059 de
2098 3986 2363 4063 Pr'aetor.
2398 3986 2705 4089 stipulat.
2804 3994 3148 4097 Denique
3202 3999 3283 4074 id

3046 4115 3273 4173 unum
