3513 4640
584 160 741 254 με
1272 140 2556 227 {PRAC‘TIOAE

872 399 2220 521 OBSERVATIO
2359 331 2944 514 cctam·

610 651 955 759 Stante
1054 646 1338 785 pasto
1390 713 1416 759 ,
1507 643 1676 745 dat
1775 640 1887 743 de
1970 639 2401 748 kinderen
2479 669 2580 784 op
2673 637 3240 757 elkanderen

607 876 614 882 .
738 784 1018 893 zallen
1043 784 1417 922 sterven
1444 849 1472 900 ,
1543 777 1762 883 ende
1802 782 1990 883 niet
2037 803 2140 916 op
2196 780 2493 883 vader
2540 783 2665 922 of
2680 781 3091 904 monier,

856 923 927 1029 fi
997 916 1213 1058 post
1285 947 1663 1053 patrem
1720 920 1823 1018 &
1897 946 2305 1022 matrem
2375 918 2622 1023 alter
2670 950 2797 1020 ex
2848 915 2974 1053 lif

790 1064 791 1067 ‘
970 1059 1231 1165 beris
1309 1050 1786 1172 decedat,
1859 1054 2212 1157 reliffls
2284 1050 2588 1158 fratre
2660 1085 2866 1157 uno

1171 1186 1275 1297 &
1348 1226 1601 1312 avo;
1674 1190 1895 1328 quis
1965 1186 2712 1329 praeferendusy?

1604 1425 2238 1503 summanr&

720 1638 786 1706 i.
838 1627 1008 1705 ordo
1029 1623 1362 1723 scriptum
1399 1613 1739 1720 distinguit
1768 1618 2041 1694 ordinem
2068 1619 2438 1695 intellectus.

713 1750 781 1802 2.
834 1723 1186 1824 Absurdum
1220 1722 1363 1818 effer
1394 1723 1777 1792 remotiorem
1802 1720 2137 1792 admittere
2156 1777 2177 1812 ,
2225 1724 2334 1793 ubi
2358 1722 2707 1815 proximior
2741 1720 3117 1797 excluditur.

900 2019 1003 2091 lus
1052 2015 1322 2090 dubito,
1422 2013 1568 2086 Etfi
1616 2033 1808 2085 enlm
1858 2014 2037 2085 ordo
2090 2014 2514 2088 succedendi
2567 2039 2661 2089 ex
2729 2017 2886 2113 iege
2956 2016 3042 2089 fit
3089 2040 3231 2113 pro

614 2160 625 2165 ·
891 2140 1067 2204 avo,
1124 2131 1376 2209 utpote
1429 2112 1503 2182 in
1554 2105 1741 2181 linea
1787 2109 2262 2184 adscendente
2313 2111 2719 2186 constituto.
2786 2113 3067 2209 Rfform.
3107 2116 3234 2189 Ve-

617 2214 853 2286 lamen
894 2269 912 2288 .
956 2237 1068 2307 31.
1101 2227 1232 2286 art.
1274 2232 1339 2283 2.
1392 2209 1548 2282 LL.
1603 2228 1670 2298 4.
1723 2206 1925 2302 Praefi
1985 2211 2138 2306 Sap.
2182 2213 2331 2283 Bac.
2397 2225 2504 2286 m.
2557 2233 2671 2305 23.
2717 2227 2844 2284 art.
2913 2226 2978 2297 8.
3053 2210 3236 2309 Agr.

484 2363 495 2368 -
544 2359 547 2366 ·
622 2311 753 2386 llil.
805 2232 889 2394 ΕΞ
974 2315 1152 2388 Bam.
1197 2329 1334 2404 cap.
1393 2330 1505 2400 24.
1549 2322 1676 2378 art.
1734 2311 1800 2378 6.
1873 2306 2099 2403 Zutph.
2147 2311 2250 2381 tit.
2310 2331 2414 2403 17.
2469 2307 2531 2407 §.
2571 2332 2638 2403 3.
2700 2311 2854 2383 LL.
2908 2313 3236 2408 Mmzicip.

618 2410 750 2484 3131.
802 2426 982 2516 part.
1042 2434 1101 2484 1.
1177 2412 1284 2482 tit.
1347 2418 1415 2489 8.
1475 2421 1603 2477 art.
1668 2425 1740 2493 5.
1819 2405 1995 2477 Bom.
2072 2428 2203 2503 cap.
2289 2428 2406 2482 22.
2472 2423 2599 2480 art.
2669 2414 2740 2483 6.
2816 2409 3050 2505 Zucph.
3119 2416 3234 2485 tit.

500 2527 503 2528 ’
626 2530 740 2603 31.
779 2508 844 2606 §-
877 2531 939 2581 2.
976 2508 1297 2580 Harderv.
1337 2520 1506 2599 part.
1546 2526 1609 2595 3.
1645 2520 1777 2595 cap.
1818 2519 2042 2603 5.art.
2080 2510 2147 2577 6.
2242 2504 2393 2576 Hic
2441 2524 2682 2577 tamen
2733 2506 3062 2580 obtinere
3107 2507 3243 2582 de-

489 2585 524 2637 ι
618 2609 782 2691 bet,
846 2604 1040 2703 qnod
1089 2604 1181 2675 de
1232 2600 1486 2675 ordine
1550 2598 1912 2694 scripturae
1966 2600 2108 2673 dici
2162 2599 2373 2692 solet,
2455 2625 2550 2676 ex
2598 2625 2687 2676 eo
2745 2604 3076 2678 ordinem
3125 2605 3244 2679 di-

618 2702 879 2799 stingui
928 2698 1371 2784 intellectu&
1420 2699 1523 2771 ita
1571 2717 1651 2769 ut
1703 2698 2012 2790 primum
2059 2699 2425 2772 nominati
2455 2700 2875 2775 censeantur
2924 2703 3241 2800 primum

617 2799 858 2872 vocati
892 2796 991 2872 ἃ
1035 2793 1442 2894 praedilecti.
1518 2797 1766 2868 Bartol.
1813 2796 1898 2865 ad
1951 2796 1996 2866 l.
2050 2819 2170 2889 57.
2219 2796 2280 2895 §.
2329 2812 2486 2891 peto.
2538 2796 2620 2893 ff.
2666 2801 2754 2870 ad
2804 2802 2922 2874 SC.
2970 2802 3239 2879 Trebell.

504 2973 511 2978 Γ
586 2900 706 2970 ,In
752 2895 959 2971 causa
1003 2915 1242 2968 autem
1286 2893 1647 2990 proposita
1697 2889 2023 2965 succeffio
2076 2893 2179 2966 ita
2247 2895 2577 2968 ordinata
2640 2892 2822 2986 fuit,
2872 2918 2951 2972 ut
2997 2903 3241 2996 primo

490 3007 505 3016 ‘
618 2994 782 3068 loco
834 2994 1352 3069 constituantur
1406 2989 1609 3064 liberi
1654 2987 1846 3060 inter
1893 2988 2002 3079 se,
2065 2990 2144 3064 ἃ
2189 2996 2275 3067 ab
2325 3016 2572 3065 eorum
2634 2992 3058 3070 successione
3105 2999 3243 3096 ipsi

526 3109 531 3112 ·
618 3111 990 3190 parentes,
1055 3090 1134 3165 &
1186 3094 1278 3165 ob
1326 3090 1403 3162 id
1470 3087 1696 3160 multo
1762 3087 1986 3186 magis
2065 3114 2233 3162 avus
2267 3146 2289 3180 ,
2354 3113 2482 3186 per
2547 3114 2671 3164 eos
2743 3094 3238 3171 excludantur.

479 3220 522 3273 2
618 3188 1015 3265 Absurdum
1064 3190 1335 3264 etenim
1383 3185 1614 3273 foret,
1660 3185 1850 3258 velle
1916 3185 2299 3261 admittere
2359 3189 2828 3264 remotiorem
2873 3191 2955 3266 δε
3000 3194 3239 3270 minus

618 3287 997 3377 dilectum,
1065 3290 1186 3361 ubi
1248 3284 1645 3380 proximior
1689 3280 1769 3355 ἃ
1814 3287 2039 3381 magis
2108 3285 2401 3358 dilectus
2469 3287 2829 3382 reperitur
2893 3292 3241 3367 exclusus.

620 3390 668 3458 l.
708 3393 821 3479 36.
865 3386 926 3486 ᾗ.
973 3412 1031 3462 1.
1057 3385 1158 3483 ff.
1197 3385 1274 3454 de
1305 3384 1487 3456 Con-d.
1526 3375 1611 3463 ἐξ
1636 3380 1969 3473 demonstr.
2064 3384 2160 3456 Et
2208 3383 2562 3459 absurdius
2609 3384 2853 3482 igitur,
2898 3411 3239 3500 parentes

616 3482 687 3557 se
735 3482 915 3578 ipsos
964 3482 1363 3558 exclusuros
1418 3481 1503 3551 ab
1554 3477 1975 3551 haereditate
2027 3480 2304 3554 suorum
2356 3481 2783 3573 liberorum3
2832 3486 3004 3560 ahos
3055 3513 3250 3565 veto

616 3581 692 3654 in
744 3583 1001 3656 eodem
1045 3579 1210 3654 casu
1262 3575 1714 3667 admiffur08‚
1770 3573 1849 3649 &
1886 3576 1958 3649 in
1993 3578 2150 3652 casu
2202 3579 2813 3675 proetnorientium
2848 3584 3238 3666 liberorum

615 3679 893 3754 fibimet
941 3680 1418 3756 antelaturos:
1472 3699 1676 3765 cum,
1725 3673 1834 3749 uti
1880 3673 2131 3775 saepius
2184 3676 2495 3769 dietum,
2545 3677 2852 3759 charitas
2899 3684 3086 3760 bene
3120 3710 3239 3762 or·

614 3776 865 3862 dinata
913 3776 1213 3875 incipiat
1265 3774 1306 3851 'a
1351 3773 1421 3849 se
1471 3771 1643 3871 ipso.

631 1920 1004 2159 QUin
1068 1919 1207 1991 hoc
1257 1910 1413 1991 casu
1450 1918 1615 2013 jura
1658 1914 1882 2023 tnagis
1934 1912 2224 1990 faveant
2270 1915 2517 2006 fratri,
2581 1941 2795 2015 quam
2841 1943 2977 1993 avo
3009 1974 3031 2009 ‚
3079 1918 3242 1992 nul.

1498 4059 1543 4086 *
2485 4089 2610 4156 ·,
2979 4074 3246 4157 οι.
