3513 4640
580 166 743 239 -472
1375 128 2568 217 P‘RAchcAE

594 282 677 374 *ri
721 262 993 397 poterit
1063 321 1158 375 ex
1223 296 1533 372 Consilio
1576 295 1904 394 supremi
1991 293 2213 370 nostri
2273 295 2578 370 Senatus
2639 292 2733 370 de
2763 312 2768 313 ’
2797 294 2983 370 Amo
3024 297 3266 406 1599*-

618 394 793 473 dum
872 399 970 472 ibi
1037 400 1128 471 de
1211 396 1876 472 confirmationibus
1931 392 2494 491 ‚dispositionum
2558 394 2601 468 a
2664 393 3272 490 praecedentibus

620 495 1065 592 Principibus
1128 493 1400 567 collatis
1468 495 1822 588 reperitur
1900 489 2171 565 sermo:
2240 490 2584 589 liquidem
2647 494 2786 566 hoc
2868 492 3103 590 ipsum
3149 490 3262 564 ad

624 613 956 689 tempora
1004 593 1119 687 huj
1131 617 1206 667 us
1270 590 1664 664 l‘rovinciae
1729 586 2217 687 primordialia
2274 613 2716 687 nequaquam
2779 589 3270 664 referendum

625 691 757 779 fit3
805 691 925 764 sed
974 688 1517 787 intelligendum
1569 687 1661 760 de
1712 708 2041 783 tempore
2088 687 2419 784 proxime
2485 689 2990 763 antecedente.
3089 687 3268 763 Ne-

627 811 766 887 que
816 808 1166 884 praeterea
1233 786 1424 860 aliud
1492 784 1838 882 exprimit
1917 785 2046 859 ista
2091 785 2584 875 Consultatio,
2649 809 2858 885 quam
2906 784 3272 884 quodfex

627 886 753 960 usu
804 883 1147 981 temporis
1177 883 1453 982 antiqui
1499 882 1984 980 dispositiones
2033 882 2446 956 vasallorum
2492 883 2806 957 solebant
2833 884 3269 960 confirmari

626 983 704 1061 in
752 982 911 1081 ipsis
957 980 1391 1056 investituris
1435 1004 1682 1069 eorum
1708 1032 1731 1069 ‚
1778 981 1918 1053 hoc
1967 979 2110 1069 est,
2159 979 2350 1077 quod
2399 981 2474 1052 in
2522 980 2957 1056 investituris
3005 981 3266 1055 decer-

631 1080 1040 1156 minabatur
1089 1099 1342 1156 natura
1389 1078 1632 1169 feudi,
1682 1077 1762 1151 &
1825 1078 2003 1150 ordo
2051 1076 2437 1151 secundum
2506 1079 2855 1175 quem‘ad
2916 1079 3263 1154 haeredes

460 1216 541 1297 ‘4
635 1179 970 1256 transiret
1041 1176 1421 1264 investiti3
1522 1199 1773 1248 verum
1817 1176 2180 1270 deinceps
2263 1178 2701 1272 temporibus
2776 1179 2981 1250 Caroli
3055 1180 3256 1275 Imp.

635 1275 1013 1352 videbatur
1076 1274 1416 1371 irrepsisse
1478 1271 1956 1363 consuetude,
2002 1274 2384 1346 secundum
2437 1298 2645 1371 quam
2706 1274 2938 1361 vasalli
2984 1273 3075 1348 ad
3130 1300 3271 1351 ex·

638 1373 951 1466 emplum
998 1371 1596 1446 Brabantinotum
1643 1369 2156 1446 consueverant
2201 1371 2566 1444 licentiam
2616 1392 2869 1468 petere
2919 1369 3261 1449 testandi.

636 1472 857 1566 Unde
910 1471 953 1545 a
982 1469 1360 1545 contrario
1429 1468 1670 1564 potius
1733 1468 2159 1557 dicendum,
2244 1467 2651 1542 testamenti
2695 1467 3080 1543 fafizionem
3128 1494 3270 1544 an·

637 1568 1021 1645 terioribus
1067 1562 1506 1664 tem‘poribus
1549 1568 1627 1639 in
1674 1566 1801 1639 usu
1842 1589 1984 1638 non
2035 1565 2237 1638 fuisse
2284 1564 2583 1641 feudali:
2635 1589 2849 1663 prout
2898 1566 2972 1640 id
3025 1566 3257 1663 ipsum

644 1666 865 1741 etiam
914 1666 1076 1740 satis
1123 1665 1499 1739 evidenter
1561 1662 1827 1737 exinde
1877 1663 2172 1737 deducit
2225 1666 2418 1737 Sand.
2461 1665 2522 1737 d.
2557 1666 2601 1734 l.
2636 1690 2695 1736 n.
2734 1687 2803 1753 5.
2852 1664 3254 1755 declarans,

640 1762 816 1840 illud
864 1787 1091 1861 nuper
1137 1763 1393 1860 absilue
1437 1760 1577 1835 ullo
1643 1761 2086 1857 antiquitatis
2158 1761 2491 1856 exemplo
2538 1762 2658 1837 sub
2716 1764 2931 1836 Carolo
2980 1762 3262 1837 Caesare

494 1912 543 1992 5
644 1887 731 1938 ac
795 1863 999 1973 Rege
1063 1862 1389 1957 Philippo,
1457 1858 1720 1934 Gelriae
1789 1860 2109 1932 Ducibus
2140 1894 2166 1946 ς
2227 1857 2611 1932 invaluiss‘e.
2709 1858 2973 1971 Neque
3035 1862 3262 1936 etiam

642 1960 1071 2038 crediderim
1121 1983 1217 2033 ex
1266 1956 1594 2032 Archivis
1638 1955 2193 2030 Provincialibus
2255 1955 2680 2051 producium
2730 1956 2818 2029 iri
2866 1957 2984 2029 vel
3034 1982 3261 2036 unum

550 2098 563 2107 ·
646 2061 1054 2157 exemplum
1103 2054 1510 2130 testamenti
1556 2054 1899 2144 feudalis,
1954 2055 2166 2224 lonffe
2211 2074 2382 2127 ante
2434 2074 2763 2148 tempora
2814 2057 3023 2128 Caroli
3074 2059 3262 2154 Imp.

649 2155 981 2242 conditi3
1020 2154 1069 2228 fi
1107 2152 1301 2229 enim
1350 2153 1489 2229 tale
1541 2151 1910 2263 quidpiam
1956 2151 2057 2227 ibi
2111 2175 2225 2224 em
2270 2152 2749 2246 reperiretur,
2796 2153 2983 2225 nulla
3019 2152 3264 2229 fuisset

607 2252 856 2354 *causa
920 2250 1114 2326 istius
1180 2250 1687 2342 dubitationis,
1752 2274 1964 2347 quam
2026 2251 2209 2324 Anno
2267 2259 2476 2322 1600.
2548 2249 2894 2323 nostrates
2953 2251 3260 2326 tenuisse

655 2353 971 2426 incertos
991 2348 1214 2424 refert
1236 2352 1427 2424 Sand.
1452 2352 1515 2423 d.
1535 2353 1723 2441 I.r2.4.
1780 2347 2402 2450 Quemadmodum
2424 2353 2653 2421 necin
2680 2368 2832 2421 tota
2856 2350 3282 2459 Panepfiore

514 2485 537 2534 χ
654 2453 1041 2525 Placitorum
1095 2449 1324 2523 Gelriae
1390 2446 1671 2544 aliquod
1724 2446 2117 2542 reperimus
2182 2444 2555 2542 vestigium
2602 2445 2948 2557 permissae
3010 2448 3261 2542 priscis

653 2548 1094 2645 tempori-bus
1149 2546 1240 2619 de
1289 2543 1976 2618 feudistestamenti
2023 2543 2383 2617 condendi
2431 2542 2762 2617 licentiae.
2859 2544 2971 2618 Ex
3023 2544 3265 2620 diver-

652 2645 725 2720 so
799 2644 1227 2740 Pragmatici
1289 2642 1633 2717 nostrates
1704 2661 2200 2739 argumentum
2264 2641 2603 2750 supremae
2676 2639 2964 2732 tutelae,
3047 2666 3266 2740 quam

574 2785 592 2805 ι
653 2742 876 2817 nostri
941 2743 1278 2815 Proceres
1343 2741 1416 2812 in
1490 2742 1680 2811 bona
1744 2759 2094 2812 exercent
2141 2739 2492 2811 Abbatrca
2527 2794 2555 2827 ,
2614 2738 2731 2812 vel
2781 2761 2875 2812 ex
2928 2762 3018 2812 eo
3065 2741 3266 2829 desii·

652 2858 900 2929 munt,
948 2839 1139 2935 quod
1188 2839 1292 2912 Hi
1339 2839 1413 2910 in
1465 2835 1932 2932 praeallegatis
1973 2834 2614 2909 Constitutionibu's
2665 2835 2758 2908 de
2800 2838 3012 2909 Annis
3053 2846 3267 2913 1600.

656 2935 737 3012 ἃ
806 2946 1020 3027 1651.
1109 2935 1516 3010 testamenti
1572 2931 1961 3006 factionem
2028 2934 2119 3007 de
2185 2933 2320 3005 illis
2398 2933 2606 3008 bon-is
2675 2932 3128 3023 Dominicis,
3192 2932 3285 3010 Gt.

654 3035 861 3111 malis
926 3033 1160 3107 feudis
1193 3091 1213 3124 ‚
1282 3032 1839 3106 introduxerunt
1875 3088 1902 3121 ‚
1968 3055 2125 3128 quae
2195 3054 2446 3107 eorum
2509 3030 2995 3129 possessoribus
3060 3052 3277 3109 antea

664 3157 809 3208 non
856 3130 1093 3205 fuerat
1141 3129 1489 3207 concess'a.
1545 3129 1787 3226 Atque
1835 3129 1993 3202 haec
2037 3128 2315 3203 assertio
2366 3153 2456 3201 eo
2503 3130 2790 3225 quidem
2827 3130 3050 3228 magis
3097 3131 3280 3205 reci-

659 3231 924 3330 pienda
993 3252 1125 3325 pro
1186 3228 1538 3315 veritate,
1609 3226 1801 3324 quod
1849 3249 1936 3298 ea
1981 3227 2068 3300 fit
2141 3225 2531 3298 conformis
2597 3226 3036 3324 dispositioni
3082 3227 3282 3326 Juriir

657 3328 987 3406 Feudalis
1037 3326 1342 3424 Sci-ipa,
1392 3327 1651 3421 ubique
1702 3322 1986 3419 passim,
2035 3321 2256 3397 veluti
2303 3323 2458 3398 ustis
2506 3324 2922 3399 Feudorum
2960 3349 3284 3401 commu·

665 3427 821 3519 nis,
868 3424 1200 3522 vigentis.
1281 3421 1653 3517 Praecipue
1697 3425 1746 3496 fi
1801 3420 2359 3511 confideremus,
2412 3418 2630 3496 feuda
2676 3421 2980 3520 quidem·
3013 3422 3273 3498 nostra·
3321 3433 3332 3439 “

666 3526 771 3604 tia
819 3548 911 3598 ex
958 3521 1317 3595 communi
1367 3519 1710 3616 opinione
1745 3543 1792 3591 a·
1816 3520 2308 3617 Longobardis
2355 3517 2541 3592 suam
2588 3519 2942 3618 originem
2989 3519 3277 3618 cepisse,

724 3622 927 3700 uibus
1005 3643 1166 3693 cum
1228 3616 1308 3692 ἃ
1369 3617 1657 3714 reliquis
1705 3616 1985 3711 populis
2034 3615 2496 3691 orientalibus
2546 3618 2945 3729 Majoribus
3024 3618 3276 3693 nostris

709 3741 1006 3818 requens
1052 3715 1191 3792 fuit
1235 3717 1784 3803 commercium,
1837 3711 1916 3787 ἃ
1960 3737 2261 3812 quorum
2307 3714 2500 3810 leges
2544 3711 2624 3790 ἆ
2667 3715 2992 3788 instituta
3039 3717 3284 3792 luben·

675 3837 793 3892 ter
838 3814 1060 3894 secuti
1108 3815 1289 3892 sunt.
1376 3814 1923 3899 Facio-libenter,
1995 3811 2260 3885 scribit.
2300 3813 2543 3901 Marta
2567 3815 2664 3884 Ae
2701 3817 2963 3886 fflmin.
3011 3816 3124 3885 lib.
3161 3828 3286 3904 48.

546 3933 583 3997 “;’.
678 3919 786 3996 tit.
814 3938 882 4006 5,.
915 3932 1061 4014 cap..
1104 3933 1171 4006 7.
1225 3918 1295 3994 in
1331 3911 1533 4011 fim‚,'
1568 3926 1655 3992 ut·
1701 3913 1976 3988 Saxones
2035 3933 2263 4005 quoque
2320 3903 2406 3993 Β
2465 3914 2712 3996 vicinos.
2762 3915 2970 3990 maris.
3018 3915 3294 3986 borealis

3045 4011 3292 4087 octobr
