<?xml version="1.0" encoding="UTF-8"?>
<!DOCTYPE html PUBLIC "-//W3C//DTD XHTML 1.0 Transitional//EN"
    "http://www.w3.org/TR/xhtml1/DTD/xhtml1-transitional.dtd">
<html xmlns="http://www.w3.org/1999/xhtml" xml:lang="en" lang="en">
 <head>
  <title>
</title>
<meta http-equiv="Content-Type" content="text/html;charset=utf-8" />
  <meta name='ocr-system' content='tesseract 3.04.00' />
  <meta name='ocr-capabilities' content='ocr_page ocr_carea ocr_par ocr_line ocrx_word'/>
</head>
<body>
  <div class='ocr_page' id='page_1' title='image "./practicaeobserv00schrgoog_0558.png"; bbox 0 0 3513 4640; ppageno 0'>
   <div class='ocr_carea' id='block_1_1' title="bbox 624 116 2606 274">
    <p class='ocr_par' dir='ltr' id='par_1_1' title="bbox 624 98 2606 274">
     <span class='ocr_line' id='line_1_1' title="bbox 624 116 2606 274; baseline -0.005 -19"><span class='ocrx_word' id='word_1_1' title='bbox 624 181 777 274; x_wconf 45' lang='lat'>456</span> <span class='ocrx_word' id='word_1_2' title='bbox 1299 174 1357 269; x_wconf 67' lang='lat' dir='ltr'>B</span> <span class='ocrx_word' id='word_1_3' title='bbox 1451 171 1524 246; x_wconf 81' lang='lat' dir='ltr'>R</span> <span class='ocrx_word' id='word_1_4' title='bbox 1614 170 1687 247; x_wconf 90' lang='lat' dir='ltr'>A</span> <span class='ocrx_word' id='word_1_5' title='bbox 1776 149 2141 268; x_wconf 64' lang='grc' dir='ltr'>ΟζΤἹ</span> <span class='ocrx_word' id='word_1_6' title='bbox 2234 160 2306 238; x_wconf 87' lang='lat' dir='ltr'>C·</span> <span class='ocrx_word' id='word_1_7' title='bbox 2387 116 2606 245; x_wconf 45' lang='lat'>21⁶2}</span> 
     </span>
    </p>
   </div>
   <div class='ocr_carea' id='block_1_2' title="bbox 493 322 3296 4143">
    <p class='ocr_par' dir='ltr' id='par_1_2' title="bbox 493 322 3292 1119">
     <span class='ocr_line' id='line_1_2' title="bbox 631 322 3280 435; baseline -0.003 -23"><span class='ocrx_word' id='word_1_8' title='bbox 631 339 1023 413; x_wconf 72' lang='lat' dir='ltr'>verborum·</span> <span class='ocrx_word' id='word_1_9' title='bbox 1073 334 1596 435; x_wconf 82' lang='lat' dir='ltr'>proprietatem</span> <span class='ocrx_word' id='word_1_10' title='bbox 1655 330 1736 409; x_wconf 85' lang='lat'>&amp;</span> <span class='ocrx_word' id='word_1_11' title='bbox 1780 324 2267 406; x_wconf 68' lang='lat' dir='ltr'>statuentium</span> <span class='ocrx_word' id='word_1_12' title='bbox 2299 322 2842 421; x_wconf 64' lang='lat' dir='ltr'>,intentionem-</span> <span class='ocrx_word' id='word_1_13' title='bbox 2879 328 3280 405; x_wconf 71' lang='lat' dir='ltr'>attenden-</span> 
     </span>
     <span class='ocr_line' id='line_1_3' title="bbox 635 420 3281 526; baseline -0.005 -17"><span class='ocrx_word' id='word_1_14' title='bbox 635 440 798 524; x_wconf 55' lang='lat' dir='ltr'>tes}</span> <span class='ocrx_word' id='word_1_15' title='bbox 852 438 1238 526; x_wconf 81' lang='lat' dir='ltr'>tenebant,</span> <span class='ocrx_word' id='word_1_16' title='bbox 1290 431 1542 509; x_wconf 78' lang='lat' dir='ltr'>vasallo</span> <span class='ocrx_word' id='word_1_17' title='bbox 1593 420 1834 503; x_wconf 88' lang='lat' dir='ltr'>liberis</span> <span class='ocrx_word' id='word_1_18' title='bbox 1884 428 2139 519; x_wconf 82' lang='lat' dir='ltr'>orbato</span> <span class='ocrx_word' id='word_1_19' title='bbox 2187 422 2515 518; x_wconf 72' lang='lat' dir='ltr'>permitti</span> <span class='ocrx_word' id='word_1_20' title='bbox 2567 443 2846 497; x_wconf 84' lang='lat' dir='ltr'>tantum</span> <span class='ocrx_word' id='word_1_21' title='bbox 2895 426 2989 498; x_wconf 90' lang='lat' dir='ltr'>de</span> <span class='ocrx_word' id='word_1_22' title='bbox 3033 426 3281 509; x_wconf 77' lang='lat' dir='ltr'>feudo</span> 
     </span>
     <span class='ocr_line' id='line_1_4' title="bbox 638 519 3282 629; baseline -0.003 -23"><span class='ocrx_word' id='word_1_23' title='bbox 638 524 1266 629; x_wconf 55' lang='lat' dir='ltr'>disponere&#39;inter</span> <span class='ocrx_word' id='word_1_24' title='bbox 1312 556 1479 620; x_wconf 86' lang='lat' dir='ltr'>eos,</span> <span class='ocrx_word' id='word_1_25' title='bbox 1569 530 1691 625; x_wconf 90' lang='lat' dir='ltr'>qui</span> <span class='ocrx_word' id='word_1_26' title='bbox 1769 525 1896 622; x_wconf 78' lang='lat' dir='ltr'>ipsi</span> <span class='ocrx_word' id='word_1_27' title='bbox 1959 522 2121 619; x_wconf 78' lang='lat' dir='ltr'>sunt</span> <span class='ocrx_word' id='word_1_28' title='bbox 2194 519 2509 616; x_wconf 80' lang='lat' dir='ltr'>proximi</span> <span class='ocrx_word' id='word_1_29' title='bbox 2578 519 2654 594; x_wconf 87' lang='lat' dir='ltr'>in</span> <span class='ocrx_word' id='word_1_30' title='bbox 2722 521 2985 597; x_wconf 88' lang='lat' dir='ltr'>eodem</span> <span class='ocrx_word' id='word_1_31' title='bbox 3030 526 3282 624; x_wconf 81' lang='lat' dir='ltr'>gradu</span> 
     </span>
     <span class='ocr_line' id='line_1_5' title="bbox 634 615 3288 729; baseline -0.003 -24"><span class='ocrx_word' id='word_1_32' title='bbox 634 631 1027 729; x_wconf 80' lang='lat' dir='ltr'>sanguinis,</span> <span class='ocrx_word' id='word_1_33' title='bbox 1082 651 1158 704; x_wconf 92' lang='lat' dir='ltr'>ut</span> <span class='ocrx_word' id='word_1_34' title='bbox 1204 654 1298 703; x_wconf 84' lang='lat' dir='ltr'>ex</span> <span class='ocrx_word' id='word_1_35' title='bbox 1333 627 1647 726; x_wconf 88' lang='lat' dir='ltr'>pluribus</span> <span class='ocrx_word' id='word_1_36' title='bbox 1694 645 1896 721; x_wconf 85' lang='lat' dir='ltr'>aeque</span> <span class='ocrx_word' id='word_1_37' title='bbox 1937 619 2284 717; x_wconf 80' lang='lat' dir='ltr'>proximis</span> <span class='ocrx_word' id='word_1_38' title='bbox 2318 617 2580 691; x_wconf 88' lang='lat' dir='ltr'>habeat</span> <span class='ocrx_word' id='word_1_39' title='bbox 2610 615 3034 696; x_wconf 69' lang='lat' dir='ltr'>elestionem</span> <span class='ocrx_word' id='word_1_40' title='bbox 3063 620 3288 696; x_wconf 70' lang='lat' dir='ltr'>insti-</span> 
     </span>
     <span class='ocr_line' id='line_1_6' title="bbox 612 715 3292 820; baseline -0.004 -18"><span class='ocrx_word' id='word_1_41' title='bbox 612 730 892 804; x_wconf 46' lang='lat' dir='ltr'>*tuendi</span> <span class='ocrx_word' id='word_1_42' title='bbox 938 728 1017 805; x_wconf 86' lang='lat'>&amp;</span> <span class='ocrx_word' id='word_1_43' title='bbox 1060 727 1520 803; x_wconf 87' lang='lat' dir='ltr'>substituendi</span> <span class='ocrx_word' id='word_1_44' title='bbox 1568 747 1742 820; x_wconf 86' lang='lat' dir='ltr'>quos</span> <span class='ocrx_word' id='word_1_45' title='bbox 1788 718 2136 807; x_wconf 89' lang='lat' dir='ltr'>voluerit,</span> <span class='ocrx_word' id='word_1_46' title='bbox 2186 715 2278 789; x_wconf 90' lang='lat' dir='ltr'>ad</span> <span class='ocrx_word' id='word_1_47' title='bbox 2325 717 2750 791; x_wconf 84' lang='lat' dir='ltr'>remotiores</span> <span class='ocrx_word' id='word_1_48' title='bbox 2793 740 2970 793; x_wconf 84' lang='lat' dir='ltr'>vero</span> <span class='ocrx_word' id='word_1_49' title='bbox 3015 719 3292 799; x_wconf 63' lang='lat' dir='ltr'>transs-⁸</span> 
     </span>
     <span class='ocr_line' id='line_1_7' title="bbox 493 811 3275 920; baseline -0.004 -19"><span class='ocrx_word' id='word_1_50' title='bbox 493 832 590 914; x_wconf 75' lang='lat'>19</span> <span class='ocrx_word' id='word_1_51' title='bbox 642 850 725 900; x_wconf 90' lang='lat' dir='ltr'>re</span> <span class='ocrx_word' id='word_1_52' title='bbox 774 827 899 920; x_wconf 74' lang='lat' dir='ltr'>ipsi</span> <span class='ocrx_word' id='word_1_53' title='bbox 960 851 1108 900; x_wconf 90' lang='lat' dir='ltr'>non</span> <span class='ocrx_word' id='word_1_54' title='bbox 1172 826 1410 907; x_wconf 78' lang='lat' dir='ltr'>liceat,</span> <span class='ocrx_word' id='word_1_55' title='bbox 1504 821 1723 899; x_wconf 87' lang='lat' dir='ltr'>Hanc</span> <span class='ocrx_word' id='word_1_56' title='bbox 1769 815 2196 903; x_wconf 84' lang='lat' dir='ltr'>sententiam</span> <span class='ocrx_word' id='word_1_57' title='bbox 2251 811 2452 886; x_wconf 82' lang='lat' dir='ltr'>fovet</span> <span class='ocrx_word' id='word_1_58' title='bbox 2504 836 2590 886; x_wconf 91' lang='lat' dir='ltr'>ea</span> <span class='ocrx_word' id='word_1_59' title='bbox 2622 813 2802 911; x_wconf 85' lang='lat' dir='ltr'>juris</span> <span class='ocrx_word' id='word_1_60' title='bbox 2850 817 3275 916; x_wconf 72' lang='lat' dir='ltr'>dispofitio,</span> 
     </span>
     <span class='ocr_line' id='line_1_8' title="bbox 640 911 3275 1022; baseline -0.005 -22"><span class='ocrx_word' id='word_1_61' title='bbox 640 922 1026 1000; x_wconf 87' lang='lat' dir='ltr'>secundum</span> <span class='ocrx_word' id='word_1_62' title='bbox 1106 949 1315 1022; x_wconf 90' lang='lat' dir='ltr'>quam</span> <span class='ocrx_word' id='word_1_63' title='bbox 1374 921 1639 996; x_wconf 83' lang='lat' dir='ltr'>veteris</span> <span class='ocrx_word' id='word_1_64' title='bbox 1694 915 1873 1014; x_wconf 75' lang='lat' dir='ltr'>Juris</span> <span class='ocrx_word' id='word_1_65' title='bbox 1940 911 2248 987; x_wconf 84' lang='lat' dir='ltr'>mutatio</span> <span class='ocrx_word' id='word_1_66' title='bbox 2315 933 2674 1006; x_wconf 88' lang='lat' dir='ltr'>nunquam</span> <span class='ocrx_word' id='word_1_67' title='bbox 2749 912 3198 1009; x_wconf 81' lang='lat' dir='ltr'>praesurnitur</span> <span class='ocrx_word' id='word_1_68' title='bbox 3235 941 3275 1005; x_wconf 71' lang='grc' dir='ltr'>ς</span> 
     </span>
     <span class='ocr_line' id='line_1_9' title="bbox 643 1006 3284 1119; baseline -0.004 -21"><span class='ocrx_word' id='word_1_69' title='bbox 643 1024 872 1098; x_wconf 89' lang='lat' dir='ltr'>multo</span> <span class='ocrx_word' id='word_1_70' title='bbox 917 1014 1149 1096; x_wconf 77' lang='lat' dir='ltr'>rhinus</span> <span class='ocrx_word' id='word_1_71' title='bbox 1200 1044 1330 1119; x_wconf 88' lang='lat' dir='ltr'>per</span> <span class='ocrx_word' id='word_1_72' title='bbox 1377 1020 1677 1093; x_wconf 78' lang='lat' dir='ltr'>taciturn</span> <span class='ocrx_word' id='word_1_73' title='bbox 1721 1008 2160 1097; x_wconf 63' lang='lat' dir='ltr'>intellefitum</span> <span class='ocrx_word' id='word_1_74' title='bbox 2207 1006 2497 1081; x_wconf 64' lang='lat' dir='ltr'>indueta</span> <span class='ocrx_word' id='word_1_75' title='bbox 2543 1009 2844 1083; x_wconf 82' lang='lat' dir='ltr'>videtur.</span> <span class='ocrx_word' id='word_1_76' title='bbox 2882 1013 2927 1085; x_wconf 85' lang='lat'>1.</span> <span class='ocrx_word' id='word_1_77' title='bbox 2949 1011 3284 1111; x_wconf 75' lang='lat' dir='ltr'>32.§fin.</span> 
     </span>
    </p>

    <p class='ocr_par' dir='ltr' id='par_1_3' title="bbox 495 1104 3296 1414">
     <span class='ocr_line' id='line_1_10' title="bbox 495 1104 3296 1216; baseline -0.005 -19"><span class='ocrx_word' id='word_1_78' title='bbox 495 1168 503 1176; x_wconf 93' lang='lat'><strong>·</strong></span> <span class='ocrx_word' id='word_1_79' title='bbox 648 1121 1409 1216; x_wconf 77' lang='lat' dir='ltr'>C.deAppeIIat.d.l.27.</span> <span class='ocrx_word' id='word_1_80' title='bbox 1456 1114 1674 1188; x_wconf 86' lang='lat' dir='ltr'>Unde</span> <span class='ocrx_word' id='word_1_81' title='bbox 1720 1108 2038 1199; x_wconf 87' lang='lat' dir='ltr'>manavit</span> <span class='ocrx_word' id='word_1_82' title='bbox 2083 1104 2163 1181; x_wconf 74' lang='grc' dir='ltr'>ἃ</span> <span class='ocrx_word' id='word_1_83' title='bbox 2210 1107 2363 1179; x_wconf 83' lang='lat' dir='ltr'>haec</span> <span class='ocrx_word' id='word_1_84' title='bbox 2386 1106 2754 1196; x_wconf 74' lang='lat' dir='ltr'>retolutio,</span> <span class='ocrx_word' id='word_1_85' title='bbox 2801 1110 2992 1205; x_wconf 89' lang='lat' dir='ltr'>quod</span> <span class='ocrx_word' id='word_1_86' title='bbox 3039 1134 3296 1184; x_wconf 79' lang='lat' dir='ltr'>omne·</span> 
     </span>
     <span class='ocr_line' id='line_1_11' title="bbox 637 1202 3280 1336; baseline -0.003 -43"><span class='ocrx_word' id='word_1_87' title='bbox 637 1223 752 1336; x_wconf 77' lang='lat' dir='ltr'>jus</span> <span class='ocrx_word' id='word_1_88' title='bbox 800 1243 1065 1293; x_wconf 85' lang='lat' dir='ltr'>novum</span> <span class='ocrx_word' id='word_1_89' title='bbox 1114 1217 1199 1291; x_wconf 78' lang='lat' dir='ltr'>fit</span> <span class='ocrx_word' id='word_1_90' title='bbox 1242 1214 1477 1290; x_wconf 56' lang='lat' dir='ltr'>striae</span> <span class='ocrx_word' id='word_1_91' title='bbox 1540 1206 2129 1307; x_wconf 89' lang='lat' dir='ltr'>intelligendum,</span> <span class='ocrx_word' id='word_1_92' title='bbox 2199 1222 2277 1276; x_wconf 86' lang='lat' dir='ltr'>ut</span> <span class='ocrx_word' id='word_1_93' title='bbox 2342 1227 2554 1298; x_wconf 88' lang='lat' dir='ltr'>quam</span> <span class='ocrx_word' id='word_1_94' title='bbox 2618 1202 2991 1279; x_wconf 88' lang='lat' dir='ltr'>minimum</span> <span class='ocrx_word' id='word_1_95' title='bbox 3047 1208 3280 1284; x_wconf 80' lang='lat' dir='ltr'>laedat</span> 
     </span>
     <span class='ocr_line' id='line_1_12' title="bbox 644 1300 3280 1414; baseline -0.005 -22"><span class='ocrx_word' id='word_1_96' title='bbox 644 1343 753 1414; x_wconf 69' lang='lat' dir='ltr'>Jus</span> <span class='ocrx_word' id='word_1_97' title='bbox 804 1318 1216 1413; x_wconf 87' lang='lat' dir='ltr'>antiquum,</span> <span class='ocrx_word' id='word_1_98' title='bbox 1280 1337 1417 1385; x_wconf 87' lang='lat' dir='ltr'>nec</span> <span class='ocrx_word' id='word_1_99' title='bbox 1476 1307 2015 1386; x_wconf 79' lang='lat' dir='ltr'>extendendum</span> <span class='ocrx_word' id='word_1_100' title='bbox 2061 1303 2155 1376; x_wconf 93' lang='lat' dir='ltr'>de</span> <span class='ocrx_word' id='word_1_101' title='bbox 2205 1300 2363 1373; x_wconf 84' lang='lat' dir='ltr'>casu</span> <span class='ocrx_word' id='word_1_102' title='bbox 2410 1301 2502 1374; x_wconf 86' lang='lat' dir='ltr'>ad</span> <span class='ocrx_word' id='word_1_103' title='bbox 2547 1302 2819 1392; x_wconf 84' lang='lat' dir='ltr'>casum3</span> <span class='ocrx_word' id='word_1_104' title='bbox 2873 1307 3280 1401; x_wconf 84' lang='lat' dir='ltr'>nequidem</span> 
     </span>
    </p>

    <p class='ocr_par' dir='ltr' id='par_1_4' title="bbox 532 1403 3278 1895">
     <span class='ocr_line' id='line_1_13' title="bbox 532 1403 3274 1503; baseline -0.007 -13"><span class='ocrx_word' id='word_1_105' title='bbox 532 1424 537 1439; x_wconf 89' lang='grc'><strong>“</strong></span> <span class='ocrx_word' id='word_1_106' title='bbox 649 1438 745 1489; x_wconf 82' lang='lat' dir='ltr'>ex</span> <span class='ocrx_word' id='word_1_107' title='bbox 790 1413 1175 1489; x_wconf 88' lang='lat' dir='ltr'>identitate</span> <span class='ocrx_word' id='word_1_108' title='bbox 1223 1410 1540 1484; x_wconf 84' lang='lat' dir='ltr'>rationis.</span> <span class='ocrx_word' id='word_1_109' title='bbox 1596 1410 1781 1480; x_wconf 74' lang='lat' dir='ltr'>Bm.</span> <span class='ocrx_word' id='word_1_110' title='bbox 1821 1409 1886 1477; x_wconf 80' lang='lat' dir='ltr'>in</span> <span class='ocrx_word' id='word_1_111' title='bbox 1917 1403 2091 1474; x_wconf 82' lang='lat' dir='ltr'>auth.</span> <span class='ocrx_word' id='word_1_112' title='bbox 2149 1403 2336 1503; x_wconf 64' lang='lat' dir='ltr'>Quas</span> <span class='ocrx_word' id='word_1_113' title='bbox 2362 1403 2649 1472; x_wconf 66' lang='lat' dir='ltr'>afflones.</span> <span class='ocrx_word' id='word_1_114' title='bbox 2688 1423 2749 1473; x_wconf 81' lang='grc' dir='ltr'>η.</span> <span class='ocrx_word' id='word_1_115' title='bbox 2785 1424 2857 1491; x_wconf 88' lang='grc'>9.</span> <span class='ocrx_word' id='word_1_116' title='bbox 2903 1403 2971 1475; x_wconf 90' lang='lat' dir='ltr'>C.</span> <span class='ocrx_word' id='word_1_117' title='bbox 3009 1406 3088 1474; x_wconf 84' lang='lat' dir='ltr'>de</span> <span class='ocrx_word' id='word_1_118' title='bbox 3139 1408 3274 1481; x_wconf 82' lang='lat' dir='ltr'>SS.</span> 
     </span>
     <span class='ocr_line' id='line_1_14' title="bbox 651 1496 3277 1608; baseline -0.011 -22"><span class='ocrx_word' id='word_1_119' title='bbox 651 1510 893 1607; x_wconf 73' lang='lat' dir='ltr'>Ecclcs.</span> <span class='ocrx_word' id='word_1_120' title='bbox 940 1510 1140 1608; x_wconf 83' lang='lat' dir='ltr'>(vid.</span> <span class='ocrx_word' id='word_1_121' title='bbox 1185 1508 1406 1604; x_wconf 80' lang='lat' dir='ltr'>Jason.</span> <span class='ocrx_word' id='word_1_122' title='bbox 1449 1508 1534 1579; x_wconf 82' lang='lat' dir='ltr'>ad</span> <span class='ocrx_word' id='word_1_123' title='bbox 1557 1506 1891 1577; x_wconf 61' lang='lat' dir='ltr'>dauthar.</span> <span class='ocrx_word' id='word_1_124' title='bbox 1940 1497 2089 1593; x_wconf 84' lang='lat'>17.)</span> <span class='ocrx_word' id='word_1_125' title='bbox 2136 1519 2497 1592; x_wconf 90' lang='lat' dir='ltr'>utcunque</span> <span class='ocrx_word' id='word_1_126' title='bbox 2544 1496 2618 1569; x_wconf 91' lang='lat' dir='ltr'>in</span> <span class='ocrx_word' id='word_1_127' title='bbox 2668 1498 2826 1593; x_wconf 85' lang='lat' dir='ltr'>lege</span> <span class='ocrx_word' id='word_1_128' title='bbox 2873 1523 3064 1573; x_wconf 86' lang='lat' dir='ltr'>nova</span> <span class='ocrx_word' id='word_1_129' title='bbox 3105 1525 3277 1574; x_wconf 85' lang='lat' dir='ltr'>ver.</span> 
     </span>
     <span class='ocr_line' id='line_1_15' title="bbox 651 1593 3266 1696; baseline 0.003 -32"><span class='ocrx_word' id='word_1_130' title='bbox 651 1613 747 1695; x_wconf 71' lang='lat' dir='ltr'>ba</span> <span class='ocrx_word' id='word_1_131' title='bbox 823 1609 1144 1683; x_wconf 67' lang='lat' dir='ltr'>taxativa</span> <span class='ocrx_word' id='word_1_132' title='bbox 1216 1628 1341 1679; x_wconf 77' lang='lat' dir='ltr'>aut</span> <span class='ocrx_word' id='word_1_133' title='bbox 1419 1601 1810 1678; x_wconf 71' lang='lat' dir='ltr'>restriffiva</span> <span class='ocrx_word' id='word_1_134' title='bbox 1889 1621 2036 1670; x_wconf 88' lang='lat' dir='ltr'>non</span> <span class='ocrx_word' id='word_1_135' title='bbox 2112 1593 2583 1689; x_wconf 84' lang='lat' dir='ltr'>reperiantur.</span> <span class='ocrx_word' id='word_1_136' title='bbox 2683 1596 2824 1668; x_wconf 83' lang='lat' dir='ltr'>Sed</span> <span class='ocrx_word' id='word_1_137' title='bbox 2889 1621 3050 1670; x_wconf 86' lang='lat' dir='ltr'>cum</span> <span class='ocrx_word' id='word_1_138' title='bbox 3101 1600 3266 1696; x_wconf 72' lang='lat' dir='ltr'>jam</span> 
     </span>
     <span class='ocr_line' id='line_1_16' title="bbox 657 1692 3278 1793; baseline -0.004 -12"><span class='ocrx_word' id='word_1_139' title='bbox 657 1706 974 1793; x_wconf 81' lang='lat' dir='ltr'>constet,</span> <span class='ocrx_word' id='word_1_140' title='bbox 1024 1702 1431 1778; x_wconf 84' lang='lat' dir='ltr'>testamenti</span> <span class='ocrx_word' id='word_1_141' title='bbox 1479 1699 1861 1774; x_wconf 73' lang='lat' dir='ltr'>faffionem</span> <span class='ocrx_word' id='word_1_142' title='bbox 1922 1692 2394 1768; x_wconf 84' lang='lat' dir='ltr'>anterioribus</span> <span class='ocrx_word' id='word_1_143' title='bbox 2464 1692 2904 1787; x_wconf 85' lang='lat' dir='ltr'>temporibus</span> <span class='ocrx_word' id='word_1_144' title='bbox 2954 1695 3278 1790; x_wconf 82' lang='lat' dir='ltr'>prohibi·</span> 
     </span>
     <span class='ocr_line' id='line_1_17' title="bbox 657 1788 3278 1895; baseline -0.004 -16"><span class='ocrx_word' id='word_1_145' title='bbox 657 1825 808 1879; x_wconf 80' lang='lat' dir='ltr'>tam</span> <span class='ocrx_word' id='word_1_146' title='bbox 857 1802 1055 1877; x_wconf 71' lang='lat' dir='ltr'>fuisse</span> <span class='ocrx_word' id='word_1_147' title='bbox 1104 1804 1195 1875; x_wconf 88' lang='lat' dir='ltr'>de</span> <span class='ocrx_word' id='word_1_148' title='bbox 1243 1800 1512 1889; x_wconf 86' lang='lat' dir='ltr'>feudis,</span> <span class='ocrx_word' id='word_1_149' title='bbox 1566 1820 1794 1895; x_wconf 89' lang='lat' dir='ltr'>prono</span> <span class='ocrx_word' id='word_1_150' title='bbox 1845 1792 2005 1867; x_wconf 88' lang='lat' dir='ltr'>fluit</span> <span class='ocrx_word' id='word_1_151' title='bbox 2052 1791 2255 1863; x_wconf 90' lang='lat' dir='ltr'>alveo</span> <span class='ocrx_word' id='word_1_152' title='bbox 2301 1812 2388 1861; x_wconf 89' lang='lat' dir='ltr'>ea</span> <span class='ocrx_word' id='word_1_153' title='bbox 2420 1788 2813 1881; x_wconf 83' lang='lat' dir='ltr'>conclufio,</span> <span class='ocrx_word' id='word_1_154' title='bbox 2862 1793 3050 1888; x_wconf 91' lang='lat' dir='ltr'>quod</span> <span class='ocrx_word' id='word_1_155' title='bbox 3084 1796 3278 1869; x_wconf 88' lang='lat' dir='ltr'>Con·</span> 
     </span>
    </p>

    <p class='ocr_par' dir='ltr' id='par_1_5' title="bbox 598 1886 3277 2089">
     <span class='ocr_line' id='line_1_18' title="bbox 598 1886 3277 1987; baseline -0.005 -7"><span class='ocrx_word' id='word_1_156' title='bbox 598 1958 605 1965; x_wconf 79' lang='lat'><strong>·</strong></span> <span class='ocrx_word' id='word_1_157' title='bbox 656 1900 936 1979; x_wconf 77' lang='lat' dir='ltr'>stitutio</span> <span class='ocrx_word' id='word_1_158' title='bbox 1005 1902 1158 1975; x_wconf 79' lang='lat' dir='ltr'>haec</span> <span class='ocrx_word' id='word_1_159' title='bbox 1220 1902 1300 1972; x_wconf 82' lang='lat' dir='ltr'>de</span> <span class='ocrx_word' id='word_1_160' title='bbox 1346 1898 1527 1972; x_wconf 81' lang='lat' dir='ltr'>Anno</span> <span class='ocrx_word' id='word_1_161' title='bbox 1588 1902 1820 1981; x_wconf 87' lang='lat'>1600,</span> <span class='ocrx_word' id='word_1_162' title='bbox 1886 1910 2230 1987; x_wconf 88' lang='lat' dir='ltr'>quantum</span> <span class='ocrx_word' id='word_1_163' title='bbox 2290 1886 2450 1959; x_wconf 87' lang='lat' dir='ltr'>fieri</span> <span class='ocrx_word' id='word_1_164' title='bbox 2503 1886 2742 1981; x_wconf 71' lang='lat' dir='ltr'>possit,</span> <span class='ocrx_word' id='word_1_165' title='bbox 2808 1887 3277 1985; x_wconf 64' lang='lat' dir='ltr'>strifitiffime,</span> 
     </span>
     <span class='ocr_line' id='line_1_19' title="bbox 664 1981 3274 2089; baseline -0.004 -11"><span class='ocrx_word' id='word_1_166' title='bbox 664 2002 745 2078; x_wconf 75' lang='grc' dir='ltr'>ὄι</span> <span class='ocrx_word' id='word_1_167' title='bbox 793 2022 870 2074; x_wconf 90' lang='lat' dir='ltr'>ut</span> <span class='ocrx_word' id='word_1_168' title='bbox 932 1999 1163 2072; x_wconf 89' lang='lat' dir='ltr'>minus</span> <span class='ocrx_word' id='word_1_169' title='bbox 1220 1995 1513 2073; x_wconf 75' lang='lat' dir='ltr'>recedat</span> <span class='ocrx_word' id='word_1_170' title='bbox 1561 1994 1603 2066; x_wconf 82' lang='lat' dir='ltr'>&#39;a</span> <span class='ocrx_word' id='word_1_171' title='bbox 1636 1994 1800 2089; x_wconf 89' lang='lat' dir='ltr'>jure</span> <span class='ocrx_word' id='word_1_172' title='bbox 1869 1986 2129 2084; x_wconf 80' lang='lat' dir='ltr'>priori,</span> <span class='ocrx_word' id='word_1_173' title='bbox 2190 1984 2420 2078; x_wconf 77' lang='lat' dir='ltr'>accipi</span> <span class='ocrx_word' id='word_1_174' title='bbox 2490 1981 2568 2057; x_wconf 71' lang='grc' dir='ltr'>δι</span> <span class='ocrx_word' id='word_1_175' title='bbox 2617 1984 2921 2084; x_wconf 85' lang='lat' dir='ltr'>intelligi</span> <span class='ocrx_word' id='word_1_176' title='bbox 2969 1988 3274 2067; x_wconf 84' lang='lat' dir='ltr'>debeat:</span> 
     </span>
    </p>

    <p class='ocr_par' dir='ltr' id='par_1_6' title="bbox 508 2078 3282 3070">
     <span class='ocr_line' id='line_1_20' title="bbox 669 2078 3275 2183; baseline -0.004 -10"><span class='ocrx_word' id='word_1_177' title='bbox 669 2124 754 2173; x_wconf 79' lang='lat' dir='ltr'>ac</span> <span class='ocrx_word' id='word_1_178' title='bbox 833 2096 1104 2170; x_wconf 89' lang='lat' dir='ltr'>idcirco</span> <span class='ocrx_word' id='word_1_179' title='bbox 1186 2119 1331 2168; x_wconf 89' lang='lat' dir='ltr'>non</span> <span class='ocrx_word' id='word_1_180' title='bbox 1400 2092 1572 2166; x_wconf 87' lang='lat' dir='ltr'>alius</span> <span class='ocrx_word' id='word_1_181' title='bbox 1645 2089 1804 2183; x_wconf 84' lang='lat' dir='ltr'>capi</span> <span class='ocrx_word' id='word_1_182' title='bbox 1869 2084 2073 2180; x_wconf 84' lang='lat' dir='ltr'>possit</span> <span class='ocrx_word' id='word_1_183' title='bbox 2137 2078 2536 2155; x_wconf 66' lang='lat' dir='ltr'>intelleetus</span> <span class='ocrx_word' id='word_1_184' title='bbox 2574 2132 2598 2170; x_wconf 90' lang='lat'>‚</span> <span class='ocrx_word' id='word_1_185' title='bbox 2668 2108 2875 2179; x_wconf 86' lang='lat' dir='ltr'>quam</span> <span class='ocrx_word' id='word_1_186' title='bbox 2936 2088 3275 2164; x_wconf 81' lang='lat' dir='ltr'>vasallum</span> 
     </span>
     <span class='ocr_line' id='line_1_21' title="bbox 666 2179 3282 2278; baseline -0.003 -9"><span class='ocrx_word' id='word_1_187' title='bbox 666 2196 926 2271; x_wconf 87' lang='lat' dir='ltr'>liberos</span> <span class='ocrx_word' id='word_1_188' title='bbox 977 2218 1122 2267; x_wconf 90' lang='lat' dir='ltr'>non</span> <span class='ocrx_word' id='word_1_189' title='bbox 1173 2192 1581 2277; x_wconf 85' lang='lat' dir='ltr'>habentem,</span> <span class='ocrx_word' id='word_1_190' title='bbox 1628 2183 1708 2259; x_wconf 76' lang='grc' dir='ltr'>δι</span> <span class='ocrx_word' id='word_1_191' title='bbox 1761 2183 2134 2278; x_wconf 88' lang='lat' dir='ltr'>disponere</span> <span class='ocrx_word' id='word_1_192' title='bbox 2184 2180 2596 2274; x_wconf 85' lang='lat' dir='ltr'>cupientem</span> <span class='ocrx_word' id='word_1_193' title='bbox 2647 2181 2739 2252; x_wconf 87' lang='lat' dir='ltr'>de</span> <span class='ocrx_word' id='word_1_194' title='bbox 2786 2179 3051 2275; x_wconf 89' lang='lat' dir='ltr'>feudo,</span> <span class='ocrx_word' id='word_1_195' title='bbox 3101 2185 3282 2261; x_wconf 87' lang='lat' dir='ltr'>illud</span> 
     </span>
     <span class='ocr_line' id='line_1_22' title="bbox 508 2275 3277 2390; baseline -0.003 -23"><span class='ocrx_word' id='word_1_196' title='bbox 508 2332 624 2390; x_wconf 83' lang='lat'>20</span> <span class='ocrx_word' id='word_1_197' title='bbox 672 2290 907 2368; x_wconf 88' lang='lat' dir='ltr'>facere</span> <span class='ocrx_word' id='word_1_198' title='bbox 961 2292 1223 2366; x_wconf 88' lang='lat' dir='ltr'>debere</span> <span class='ocrx_word' id='word_1_199' title='bbox 1279 2291 1470 2363; x_wconf 86' lang='lat' dir='ltr'>inter</span> <span class='ocrx_word' id='word_1_200' title='bbox 1535 2285 1689 2361; x_wconf 90' lang='lat' dir='ltr'>suos</span> <span class='ocrx_word' id='word_1_201' title='bbox 1758 2280 2123 2380; x_wconf 82' lang='lat' dir='ltr'>proximos</span> <span class='ocrx_word' id='word_1_202' title='bbox 2194 2275 2548 2375; x_wconf 81' lang='lat' dir='ltr'>sanguine.</span> <span class='ocrx_word' id='word_1_203' title='bbox 2649 2280 3032 2376; x_wconf 65' lang='lat' dir='ltr'>Siquidem,</span> <span class='ocrx_word' id='word_1_204' title='bbox 3068 2284 3277 2360; x_wconf 85' lang='lat' dir='ltr'>verbi</span> 
     </span>
     <span class='ocr_line' id='line_1_23' title="bbox 546 2376 3279 2493; baseline -0.006 -25"><span class='ocrx_word' id='word_1_205' title='bbox 546 2426 585 2493; x_wconf 74' lang='grc'>·;</span> <span class='ocrx_word' id='word_1_206' title='bbox 669 2395 969 2467; x_wconf 84' lang='lat' dir='ltr'>Haeredes</span> <span class='ocrx_word' id='word_1_207' title='bbox 1016 2390 1091 2465; x_wconf 88' lang='lat' dir='ltr'>in</span> <span class='ocrx_word' id='word_1_208' title='bbox 1142 2385 1509 2486; x_wconf 77' lang='lat' dir='ltr'>hypothesi</span> <span class='ocrx_word' id='word_1_209' title='bbox 1557 2406 1704 2456; x_wconf 90' lang='lat' dir='ltr'>non</span> <span class='ocrx_word' id='word_1_210' title='bbox 1753 2381 1890 2455; x_wconf 88' lang='lat' dir='ltr'>alia</span> <span class='ocrx_word' id='word_1_211' title='bbox 1936 2378 2146 2451; x_wconf 86' lang='lat' dir='ltr'>detur</span> <span class='ocrx_word' id='word_1_212' title='bbox 2193 2376 2742 2471; x_wconf 86' lang='lat' dir='ltr'>interpretatio,</span> <span class='ocrx_word' id='word_1_213' title='bbox 2789 2403 3002 2475; x_wconf 77' lang='lat' dir='ltr'>quam</span> <span class='ocrx_word' id='word_1_214' title='bbox 3051 2401 3130 2455; x_wconf 84' lang='lat' dir='ltr'>ut</span> <span class='ocrx_word' id='word_1_215' title='bbox 3179 2383 3279 2458; x_wconf 85' lang='lat' dir='ltr'>de</span> 
     </span>
     <span class='ocr_line' id='line_1_24' title="bbox 669 2474 3280 2584; baseline -0.009 -20"><span class='ocrx_word' id='word_1_216' title='bbox 669 2493 773 2564; x_wconf 89' lang='lat' dir='ltr'>eis</span> <span class='ocrx_word' id='word_1_217' title='bbox 838 2491 1060 2564; x_wconf 86' lang='lat' dir='ltr'>intelli</span> <span class='ocrx_word' id='word_1_218' title='bbox 1162 2509 1341 2584; x_wconf 48' lang='lat' dir='ltr'>tur„</span> <span class='ocrx_word' id='word_1_219' title='bbox 1380 2483 1499 2582; x_wconf 89' lang='lat' dir='ltr'>qui</span> <span class='ocrx_word' id='word_1_220' title='bbox 1562 2479 1945 2554; x_wconf 87' lang='lat' dir='ltr'>secundum</span> <span class='ocrx_word' id='word_1_221' title='bbox 2003 2474 2112 2547; x_wconf 89' lang='lat' dir='ltr'>rei</span> <span class='ocrx_word' id='word_1_222' title='bbox 2176 2494 2502 2548; x_wconf 86' lang='lat' dir='ltr'>naturam</span> <span class='ocrx_word' id='word_1_223' title='bbox 2566 2497 2660 2547; x_wconf 85' lang='lat' dir='ltr'>ex</span> <span class='ocrx_word' id='word_1_224' title='bbox 2721 2474 2879 2573; x_wconf 84' lang='lat' dir='ltr'>lege</span> <span class='ocrx_word' id='word_1_225' title='bbox 2927 2498 3051 2553; x_wconf 83' lang='lat' dir='ltr'>aut</span> <span class='ocrx_word' id='word_1_226' title='bbox 3101 2504 3280 2556; x_wconf 84' lang='lat' dir='ltr'>con.</span> 
     </span>
     <span class='ocr_line' id='line_1_25' title="bbox 667 2571 3278 2673; baseline -0.007 -6"><span class='ocrx_word' id='word_1_227' title='bbox 667 2588 1070 2668; x_wconf 70' lang='lat' dir='ltr'>fiietudine.</span> <span class='ocrx_word' id='word_1_228' title='bbox 1111 2586 1226 2659; x_wconf 91' lang='lat' dir='ltr'>oci</span> <span class='ocrx_word' id='word_1_229' title='bbox 1276 2584 1427 2673; x_wconf 77' lang='lat' dir='ltr'>iure</span> <span class='ocrx_word' id='word_1_230' title='bbox 1475 2578 1826 2672; x_wconf 73' lang='lat' dir='ltr'>sanguinis</span> <span class='ocrx_word' id='word_1_231' title='bbox 1873 2573 1962 2648; x_wconf 91' lang='lat' dir='ltr'>ad</span> <span class='ocrx_word' id='word_1_232' title='bbox 2031 2571 2524 2646; x_wconf 77' lang='lat' dir='ltr'>suceeffionem</span> <span class='ocrx_word' id='word_1_233' title='bbox 2567 2594 2956 2665; x_wconf 86' lang='lat' dir='ltr'>vocantur,</span> <span class='ocrx_word' id='word_1_234' title='bbox 3003 2577 3278 2654; x_wconf 74' lang='lat' dir='ltr'>nostra-</span> 
     </span>
     <span class='ocr_line' id='line_1_26' title="bbox 670 2669 3279 2774; baseline -0.005 -11"><span class='ocrx_word' id='word_1_235' title='bbox 670 2689 859 2763; x_wconf 86' lang='lat' dir='ltr'>tibus</span> <span class='ocrx_word' id='word_1_236' title='bbox 921 2689 1005 2767; x_wconf 70' lang='lat' dir='ltr'>ht</span> <span class='ocrx_word' id='word_1_237' title='bbox 1046 2679 1287 2774; x_wconf 67' lang='lat' dir='ltr'>mast!</span> <span class='ocrx_word' id='word_1_238' title='bbox 1334 2678 1409 2759; x_wconf 71' lang='lat' dir='ltr'>in</span> <span class='ocrx_word' id='word_1_239' title='bbox 1448 2680 1579 2759; x_wconf 60' lang='lat' dir='ltr'>Nn</span> <span class='ocrx_word' id='word_1_240' title='bbox 1623 2673 1878 2757; x_wconf 71' lang='lat' dir='ltr'>blutut.</span> <span class='ocrx_word' id='word_1_241' title='bbox 1939 2669 2219 2765; x_wconf 62' lang='lat' dir='ltr'>Reform»</span> <span class='ocrx_word' id='word_1_242' title='bbox 2271 2670 2498 2763; x_wconf 81' lang='lat' dir='ltr'>Zutph.</span> <span class='ocrx_word' id='word_1_243' title='bbox 2537 2672 2643 2742; x_wconf 82' lang='lat' dir='ltr'>tit.</span> <span class='ocrx_word' id='word_1_244' title='bbox 2683 2693 2792 2764; x_wconf 84' lang='lat'>17.</span> <span class='ocrx_word' id='word_1_245' title='bbox 2833 2669 2896 2769; x_wconf 84' lang='lat'>§.</span> <span class='ocrx_word' id='word_1_246' title='bbox 2945 2697 3007 2750; x_wconf 85' lang='lat'>1.</span> <span class='ocrx_word' id='word_1_247' title='bbox 3049 2679 3279 2751; x_wconf 75' lang='lat' dir='ltr'>Velan-</span> 
     </span>
     <span class='ocr_line' id='line_1_27' title="bbox 670 2767 3268 2880; baseline -0.008 -21"><span class='ocrx_word' id='word_1_248' title='bbox 670 2805 805 2880; x_wconf 81' lang='lat' dir='ltr'>cap.</span> <span class='ocrx_word' id='word_1_249' title='bbox 894 2781 1009 2875; x_wconf 57' lang='lat' dir='ltr'>31ss</span> <span class='ocrx_word' id='word_1_250' title='bbox 1078 2799 1204 2852; x_wconf 79' lang='lat' dir='ltr'>art.</span> <span class='ocrx_word' id='word_1_251' title='bbox 1257 2800 1323 2871; x_wconf 85' lang='lat'>3.</span> <span class='ocrx_word' id='word_1_252' title='bbox 1378 2779 1569 2852; x_wconf 72' lang='lat' dir='ltr'>Sana.</span> <span class='ocrx_word' id='word_1_253' title='bbox 1630 2776 1715 2845; x_wconf 77' lang='lat' dir='ltr'>ad</span> <span class='ocrx_word' id='word_1_254' title='bbox 1779 2767 2051 2865; x_wconf 77' lang='lat' dir='ltr'>Consuet.</span> <span class='ocrx_word' id='word_1_255' title='bbox 2104 2767 2298 2844; x_wconf 78' lang='lat' dir='ltr'>Feud.</span> <span class='ocrx_word' id='word_1_256' title='bbox 2367 2769 2542 2839; x_wconf 82' lang='lat' dir='ltr'>Gelr.</span> <span class='ocrx_word' id='word_1_257' title='bbox 2601 2783 2691 2844; x_wconf 80' lang='lat' dir='ltr'>tr.</span> <span class='ocrx_word' id='word_1_258' title='bbox 2735 2791 2797 2841; x_wconf 88' lang='lat'>1.</span> <span class='ocrx_word' id='word_1_259' title='bbox 2827 2773 2963 2842; x_wconf 56' lang='lat' dir='ltr'>wit.</span> <span class='ocrx_word' id='word_1_260' title='bbox 3016 2795 3083 2866; x_wconf 84' lang='lat'>3.</span> <span class='ocrx_word' id='word_1_261' title='bbox 3134 2795 3268 2870; x_wconf 78' lang='lat' dir='ltr'>cap.</span> 
     </span>
     <span class='ocr_line' id='line_1_28' title="bbox 519 2863 3278 2981; baseline -0.004 -24"><span class='ocrx_word' id='word_1_262' title='bbox 519 2899 619 2957; x_wconf 87' lang='lat'>21</span> <span class='ocrx_word' id='word_1_263' title='bbox 679 2909 740 2959; x_wconf 87' lang='lat'>1.</span> <span class='ocrx_word' id='word_1_264' title='bbox 779 2880 856 2981; x_wconf 81' lang='lat'>§.·</span> <span class='ocrx_word' id='word_1_265' title='bbox 886 2905 947 2954; x_wconf 92' lang='lat'>1.</span> <span class='ocrx_word' id='word_1_266' title='bbox 981 2905 1040 2952; x_wconf 71' lang='lat' dir='ltr'>u.</span> <span class='ocrx_word' id='word_1_267' title='bbox 1078 2900 1235 2966; x_wconf 50' lang='lat'>21„</span> <span class='ocrx_word' id='word_1_268' title='bbox 1290 2876 1399 2949; x_wconf 83' lang='lat' dir='ltr'>Eo</span> <span class='ocrx_word' id='word_1_269' title='bbox 1470 2870 1759 2970; x_wconf 87' lang='lat' dir='ltr'>quidem</span> <span class='ocrx_word' id='word_1_270' title='bbox 1824 2865 2084 2962; x_wconf 87' lang='lat' dir='ltr'>magis,</span> <span class='ocrx_word' id='word_1_271' title='bbox 2155 2887 2320 2937; x_wconf 88' lang='lat' dir='ltr'>cum</span> <span class='ocrx_word' id='word_1_272' title='bbox 2367 2863 2444 2936; x_wconf 89' lang='lat' dir='ltr'>in</span> <span class='ocrx_word' id='word_1_273' title='bbox 2492 2863 2660 2959; x_wconf 85' lang='lat' dir='ltr'>juris</span> <span class='ocrx_word' id='word_1_274' title='bbox 2711 2867 2881 2940; x_wconf 88' lang='lat' dir='ltr'>novi</span> <span class='ocrx_word' id='word_1_275' title='bbox 2921 2871 3278 2966; x_wconf 86' lang='lat' dir='ltr'>interpre-</span> 
     </span>
     <span class='ocr_line' id='line_1_29' title="bbox 675 2965 3278 3070; baseline -0.007 -16"><span class='ocrx_word' id='word_1_276' title='bbox 675 2982 953 3064; x_wconf 83' lang='lat' dir='ltr'>tatione</span> <span class='ocrx_word' id='word_1_277' title='bbox 1003 3003 1091 3049; x_wconf 91' lang='lat' dir='ltr'>eo</span> <span class='ocrx_word' id='word_1_278' title='bbox 1162 2973 1436 3070; x_wconf 87' lang='lat' dir='ltr'>semper</span> <span class='ocrx_word' id='word_1_279' title='bbox 1488 2968 1833 3042; x_wconf 89' lang='lat' dir='ltr'>inclinare</span> <span class='ocrx_word' id='word_1_280' title='bbox 1903 2965 2330 3050; x_wconf 87' lang='lat' dir='ltr'>debeamus,</span> <span class='ocrx_word' id='word_1_281' title='bbox 2398 2981 2476 3033; x_wconf 91' lang='lat' dir='ltr'>ut</span> <span class='ocrx_word' id='word_1_282' title='bbox 2523 2984 2636 3033; x_wconf 85' lang='lat' dir='ltr'>res</span> <span class='ocrx_word' id='word_1_283' title='bbox 2682 2988 2892 3060; x_wconf 81' lang='lat' dir='ltr'>quarn</span> <span class='ocrx_word' id='word_1_284' title='bbox 2941 2969 3278 3063; x_wconf 79' lang='lat' dir='ltr'>proxime</span> 
     </span>
    </p>

    <p class='ocr_par' dir='ltr' id='par_1_7' title="bbox 519 3057 3286 4143">
     <span class='ocr_line' id='line_1_30' title="bbox 626 3057 3279 3169; baseline -0.002 -24"><span class='ocrx_word' id='word_1_285' title='bbox 626 3141 631 3145; x_wconf 74' lang='grc'>,</span> <span class='ocrx_word' id='word_1_286' title='bbox 676 3077 969 3153; x_wconf 77' lang='lat' dir='ltr'>accedat</span> <span class='ocrx_word' id='word_1_287' title='bbox 1009 3075 1096 3148; x_wconf 87' lang='lat' dir='ltr'>ad</span> <span class='ocrx_word' id='word_1_288' title='bbox 1150 3074 1562 3169; x_wconf 76' lang='lat' dir='ltr'>primaevam</span> <span class='ocrx_word' id='word_1_289' title='bbox 1611 3065 1719 3138; x_wconf 89' lang='lat' dir='ltr'>rei</span> <span class='ocrx_word' id='word_1_290' title='bbox 1765 3081 2128 3150; x_wconf 86' lang='lat' dir='ltr'>naturam,</span> <span class='ocrx_word' id='word_1_291' title='bbox 2196 3083 2351 3157; x_wconf 82' lang='lat' dir='ltr'>quae</span> <span class='ocrx_word' id='word_1_292' title='bbox 2405 3058 2479 3131; x_wconf 90' lang='lat' dir='ltr'>in</span> <span class='ocrx_word' id='word_1_293' title='bbox 2522 3057 2946 3136; x_wconf 77' lang='lat' dir='ltr'>successione</span> <span class='ocrx_word' id='word_1_294' title='bbox 3007 3064 3279 3140; x_wconf 87' lang='lat' dir='ltr'>feudali</span> 
     </span>
     <span class='ocr_line' id='line_1_31' title="bbox 519 3157 3277 3285; baseline -0.005 -33"><span class='ocrx_word' id='word_1_295' title='bbox 519 3214 627 3285; x_wconf 60' lang='lat'>²22</span> <span class='ocrx_word' id='word_1_296' title='bbox 681 3171 950 3272; x_wconf 82' lang='lat' dir='ltr'>seniper</span> <span class='ocrx_word' id='word_1_297' title='bbox 998 3173 1136 3245; x_wconf 85' lang='lat' dir='ltr'>fuit</span> <span class='ocrx_word' id='word_1_298' title='bbox 1202 3166 1582 3243; x_wconf 88' lang='lat' dir='ltr'>secundum</span> <span class='ocrx_word' id='word_1_299' title='bbox 1648 3157 2061 3259; x_wconf 68' lang='lat' dir='ltr'>praediftam</span> <span class='ocrx_word' id='word_1_300' title='bbox 2124 3157 2463 3256; x_wconf 84' lang='lat' dir='ltr'>regulam.</span> <span class='ocrx_word' id='word_1_301' title='bbox 2556 3157 2811 3250; x_wconf 86' lang='lat' dir='ltr'>Adde,</span> <span class='ocrx_word' id='word_1_302' title='bbox 2862 3164 3054 3272; x_wconf 81' lang='lat' dir='ltr'>quod</span> <span class='ocrx_word' id='word_1_303' title='bbox 3118 3163 3277 3240; x_wconf 73' lang='lat' dir='ltr'>haec</span> 
     </span>
     <span class='ocr_line' id='line_1_32' title="bbox 574 3252 3277 3369; baseline -0.005 -19"><span class='ocrx_word' id='word_1_304' title='bbox 574 3333 583 3340; x_wconf 79' lang='grc'><strong>.</strong></span> <span class='ocrx_word' id='word_1_305' title='bbox 674 3266 1180 3369; x_wconf 52' lang='lat' dir='ltr'>interpretatio</span> <span class='ocrx_word' id='word_1_306' title='bbox 1226 3264 1427 3341; x_wconf 85' lang='lat' dir='ltr'>verbi</span> <span class='ocrx_word' id='word_1_307' title='bbox 1478 3260 1775 3334; x_wconf 69' lang='lat' dir='ltr'>Heredes</span> <span class='ocrx_word' id='word_1_308' title='bbox 1821 3257 2204 3332; x_wconf 85' lang='lat' dir='ltr'>conveniat</span> <span class='ocrx_word' id='word_1_309' title='bbox 2251 3252 2687 3351; x_wconf 75' lang='lat' dir='ltr'>dispositioni</span> <span class='ocrx_word' id='word_1_310' title='bbox 2756 3258 2947 3354; x_wconf 77' lang='lat' dir='ltr'>Juris</span> <span class='ocrx_word' id='word_1_311' title='bbox 3005 3261 3277 3337; x_wconf 84' lang='lat' dir='ltr'>Feuda-</span> 
     </span>
     <span class='ocr_line' id='line_1_33' title="bbox 673 3352 3277 3466; baseline -0.006 -20"><span class='ocrx_word' id='word_1_312' title='bbox 673 3373 757 3446; x_wconf 88' lang='lat' dir='ltr'>lis</span> <span class='ocrx_word' id='word_1_313' title='bbox 806 3370 1068 3466; x_wconf 77' lang='lat' dir='ltr'>Scripti</span> <span class='ocrx_word' id='word_1_314' title='bbox 1115 3367 1228 3438; x_wconf 82' lang='lat' dir='ltr'>lib.</span> <span class='ocrx_word' id='word_1_315' title='bbox 1273 3388 1332 3437; x_wconf 90' lang='lat'>1.</span> <span class='ocrx_word' id='word_1_316' title='bbox 1370 3365 1471 3433; x_wconf 74' lang='lat' dir='ltr'>tit.</span> <span class='ocrx_word' id='word_1_317' title='bbox 1508 3373 1573 3443; x_wconf 80' lang='grc'>3.</span> <span class='ocrx_word' id='word_1_318' title='bbox 1616 3362 1684 3428; x_wconf 76' lang='lat' dir='ltr'>in</span> <span class='ocrx_word' id='word_1_319' title='bbox 1709 3360 1911 3452; x_wconf 68' lang='lat' dir='ltr'>princ.</span> <span class='ocrx_word' id='word_1_320' title='bbox 1961 3352 2345 3427; x_wconf 89' lang='lat' dir='ltr'>secundum</span> <span class='ocrx_word' id='word_1_321' title='bbox 2405 3375 2615 3447; x_wconf 89' lang='lat' dir='ltr'>quam</span> <span class='ocrx_word' id='word_1_322' title='bbox 2643 3409 2665 3443; x_wconf 90' lang='lat'>,</span> <span class='ocrx_word' id='word_1_323' title='bbox 2719 3354 2828 3428; x_wconf 91' lang='lat' dir='ltr'>uti</span> <span class='ocrx_word' id='word_1_324' title='bbox 2878 3357 3028 3451; x_wconf 86' lang='lat' dir='ltr'>jam</span> <span class='ocrx_word' id='word_1_325' title='bbox 3073 3357 3277 3457; x_wconf 83' lang='lat' dir='ltr'>supra</span> 
     </span>
     <span class='ocr_line' id='line_1_34' title="bbox 670 3447 3278 3552; baseline -0.005 -10"><span class='ocrx_word' id='word_1_326' title='bbox 670 3469 977 3544; x_wconf 83' lang='lat' dir='ltr'>relatum</span> <span class='ocrx_word' id='word_1_327' title='bbox 1022 3463 1126 3537; x_wconf 89' lang='lat' dir='ltr'>est</span> <span class='ocrx_word' id='word_1_328' title='bbox 1157 3518 1180 3552; x_wconf 88' lang='lat'>‚</span> <span class='ocrx_word' id='word_1_329' title='bbox 1235 3460 1435 3534; x_wconf 26' lang='lat' dir='ltr'>nulla*</span> <span class='ocrx_word' id='word_1_330' title='bbox 1468 3454 1697 3530; x_wconf 84' lang='lat' dir='ltr'>vasalli</span> <span class='ocrx_word' id='word_1_331' title='bbox 1743 3452 2104 3527; x_wconf 86' lang='lat' dir='ltr'>ordinatio</span> <span class='ocrx_word' id='word_1_332' title='bbox 2155 3448 2259 3523; x_wconf 86' lang='lat' dir='ltr'>est</span> <span class='ocrx_word' id='word_1_333' title='bbox 2305 3447 2511 3544; x_wconf 86' lang='lat' dir='ltr'>super</span> <span class='ocrx_word' id='word_1_334' title='bbox 2557 3448 2824 3541; x_wconf 82' lang='lat' dir='ltr'>feud03</span> <span class='ocrx_word' id='word_1_335' title='bbox 2869 3453 2988 3527; x_wconf 88' lang='lat' dir='ltr'>sed</span> <span class='ocrx_word' id='word_1_336' title='bbox 3041 3458 3278 3551; x_wconf 80' lang='lat' dir='ltr'>proxi·</span> 
     </span>
     <span class='ocr_line' id='line_1_35' title="bbox 673 3544 3280 3656; baseline -0.008 -13"><span class='ocrx_word' id='word_1_337' title='bbox 673 3567 939 3644; x_wconf 83' lang='lat' dir='ltr'>miores</span> <span class='ocrx_word' id='word_1_338' title='bbox 984 3563 1256 3656; x_wconf 85' lang='lat' dir='ltr'>semper</span> <span class='ocrx_word' id='word_1_339' title='bbox 1304 3553 1726 3630; x_wconf 85' lang='lat' dir='ltr'>remotiores</span> <span class='ocrx_word' id='word_1_340' title='bbox 1774 3547 2192 3624; x_wconf 79' lang='lat' dir='ltr'>excludunt.</span> <span class='ocrx_word' id='word_1_341' title='bbox 2257 3546 2457 3631; x_wconf 85' lang='lat' dir='ltr'>Hinc</span> <span class='ocrx_word' id='word_1_342' title='bbox 2503 3544 2582 3620; x_wconf 75' lang='grc' dir='ltr'>δι</span> <span class='ocrx_word' id='word_1_343' title='bbox 2626 3548 2792 3622; x_wconf 88' lang='lat' dir='ltr'>alibi</span> <span class='ocrx_word' id='word_1_344' title='bbox 2839 3552 3280 3648; x_wconf 78' lang='lat' dir='ltr'>explicatum</span> 
     </span>
     <span class='ocr_line' id='line_1_36' title="bbox 674 3643 3274 3765; baseline -0.005 -25"><span class='ocrx_word' id='word_1_345' title='bbox 674 3666 1011 3765; x_wconf 84' lang='lat' dir='ltr'>legimus,</span> <span class='ocrx_word' id='word_1_346' title='bbox 1072 3661 1367 3732; x_wconf 80' lang='lat' dir='ltr'>verbum</span> <span class='ocrx_word' id='word_1_347' title='bbox 1434 3654 1658 3726; x_wconf 80' lang='lat' dir='ltr'>Haeres</span> <span class='ocrx_word' id='word_1_348' title='bbox 1704 3649 1779 3722; x_wconf 88' lang='lat' dir='ltr'>in</span> <span class='ocrx_word' id='word_1_349' title='bbox 1834 3650 2005 3746; x_wconf 90' lang='lat' dir='ltr'>Jure</span> <span class='ocrx_word' id='word_1_350' title='bbox 2054 3644 2346 3719; x_wconf 87' lang='lat' dir='ltr'>Feudali</span> <span class='ocrx_word' id='word_1_351' title='bbox 2405 3643 2753 3721; x_wconf 88' lang='lat' dir='ltr'>denotare</span> <span class='ocrx_word' id='word_1_352' title='bbox 2797 3647 3094 3743; x_wconf 82' lang='lat' dir='ltr'>Filium,</span> <span class='ocrx_word' id='word_1_353' title='bbox 3141 3676 3274 3727; x_wconf 82' lang='lat' dir='ltr'>ceu</span> 
     </span>
     <span class='ocr_line' id='line_1_37' title="bbox 673 3739 3282 3863; baseline -0.004 -27"><span class='ocrx_word' id='word_1_354' title='bbox 673 3767 794 3863; x_wconf 86' lang='lat' dir='ltr'>qui</span> <span class='ocrx_word' id='word_1_355' title='bbox 846 3753 1354 3859; x_wconf 80' lang='lat' dir='ltr'>proximiorem</span> <span class='ocrx_word' id='word_1_356' title='bbox 1402 3775 1548 3826; x_wconf 91' lang='lat' dir='ltr'>non</span> <span class='ocrx_word' id='word_1_357' title='bbox 1596 3739 1953 3846; x_wconf 73' lang='lat' dir='ltr'>agnoscit3</span> <span class='ocrx_word' id='word_1_358' title='bbox 2016 3763 2094 3818; x_wconf 91' lang='lat' dir='ltr'>ut</span> <span class='ocrx_word' id='word_1_359' title='bbox 2140 3743 2284 3818; x_wconf 84' lang='lat' dir='ltr'>fine</span> <span class='ocrx_word' id='word_1_360' title='bbox 2331 3742 2617 3817; x_wconf 80' lang='lat' dir='ltr'>haerede</span> <span class='ocrx_word' id='word_1_361' title='bbox 2684 3742 3040 3821; x_wconf 80' lang='lat' dir='ltr'>deceffiffe</span> <span class='ocrx_word' id='word_1_362' title='bbox 3089 3747 3282 3825; x_wconf 84' lang='lat' dir='ltr'>dica·</span> 
     </span>
     <span class='ocr_line' id='line_1_38' title="bbox 675 3842 3278 3954; baseline -0.004 -22"><span class='ocrx_word' id='word_1_363' title='bbox 675 3883 833 3948; x_wconf 87' lang='lat' dir='ltr'>tur,</span> <span class='ocrx_word' id='word_1_364' title='bbox 886 3856 1005 3954; x_wconf 87' lang='lat' dir='ltr'>qui</span> <span class='ocrx_word' id='word_1_365' title='bbox 1056 3854 1200 3929; x_wconf 83' lang='lat' dir='ltr'>line</span> <span class='ocrx_word' id='word_1_366' title='bbox 1250 3849 1399 3924; x_wconf 89' lang='lat' dir='ltr'>filio</span> <span class='ocrx_word' id='word_1_367' title='bbox 1450 3869 1766 3922; x_wconf 83' lang='lat' dir='ltr'>mortuus</span> <span class='ocrx_word' id='word_1_368' title='bbox 1817 3842 1940 3918; x_wconf 88' lang='lat' dir='ltr'>est.</span> <span class='ocrx_word' id='word_1_369' title='bbox 1990 3844 2102 3915; x_wconf 81' lang='lat' dir='ltr'>lib.</span> <span class='ocrx_word' id='word_1_370' title='bbox 2136 3864 2203 3951; x_wconf 81' lang='lat'>.¹·</span> <span class='ocrx_word' id='word_1_371' title='bbox 2237 3842 2431 3951; x_wconf 63' lang='grc' dir='ltr'>Εσιιά.</span> <span class='ocrx_word' id='word_1_372' title='bbox 2462 3845 2568 3915; x_wconf 76' lang='lat' dir='ltr'>tit.</span> <span class='ocrx_word' id='word_1_373' title='bbox 2615 3864 2724 3936; x_wconf 84' lang='lat'>13.</span> <span class='ocrx_word' id='word_1_374' title='bbox 2799 3843 3064 3942; x_wconf 88' lang='lat' dir='ltr'>Neque</span> <span class='ocrx_word' id='word_1_375' title='bbox 3111 3847 3278 3922; x_wconf 83' lang='lat' dir='ltr'>huic</span> 
     </span>
     <span class='ocr_line' id='line_1_39' title="bbox 670 3936 3286 4050; baseline -0.009 -17"><span class='ocrx_word' id='word_1_376' title='bbox 670 3952 1059 4050; x_wconf 58' lang='lat' dir='ltr'>intellefftui</span> <span class='ocrx_word' id='word_1_377' title='bbox 1126 3951 1532 4028; x_wconf 79' lang='lat' dir='ltr'>adversatur</span> <span class='ocrx_word' id='word_1_378' title='bbox 1565 4003 1589 4039; x_wconf 89' lang='lat'>‚</span> <span class='ocrx_word' id='word_1_379' title='bbox 1656 3943 1854 4044; x_wconf 85' lang='lat' dir='ltr'>quod</span> <span class='ocrx_word' id='word_1_380' title='bbox 1914 3936 2360 4043; x_wconf 75' lang='lat' dir='ltr'>conlhtuuq</span> <span class='ocrx_word' id='word_1_381' title='bbox 2418 3937 2496 4016; x_wconf 81' lang='lat' dir='ltr'>de</span> <span class='ocrx_word' id='word_1_382' title='bbox 2561 3938 2744 4018; x_wconf 75' lang='lat' dir='ltr'>Anno</span> <span class='ocrx_word' id='word_1_383' title='bbox 2813 3949 3021 4038; x_wconf 77' lang='lat'>1651.</span> <span class='ocrx_word' id='word_1_384' title='bbox 3087 3943 3286 4020; x_wconf 85' lang='lat' dir='ltr'>cuili.</span> 
     </span>
     <span class='ocr_line' id='line_1_40' title="bbox 3105 4042 3267 4143; baseline -0.006 1"><span class='ocrx_word' id='word_1_385' title='bbox 3105 4042 3267 4143; x_wconf 75' lang='lat' dir='ltr'>bet,</span> 
     </span>
    </p>
   </div>
  </div>
 </body>
</html>
