3513 4640
469 466 506 519 1

464 652 510 702 2

474 934 514 1010 3

475 1217 527 1288 4

598 163 857 251 388.
1368 116 2550 223 PRAcT1cssm

597 310 758 409 post
802 333 969 385 eum
1023 309 1136 383 illa
1190 309 1633 398 decedente,
1682 308 2048 405 quaefitum
2096 309 2283 400 fuit,
2355 335 2445 385 an
2493 306 2750 385 teneat'
2789 287 3229 406 dispositio}

604 414 738 484 Pro
792 407 1214 481 affirmativa
1259 407 1545 493 videtur
1594 406 1878 497 facere,
1932 407 2165 504 quod,
2222 408 2349 482 etfi
2398 408 2723 483 testatrix
2795 406 3229 503 expresserit

606 531 823 579 unum
881 510 1155 590 casum,
1207 505 1384 576 alter
1438 527 1722 594 tamen,
1772 504 1820 578 s1
1873 527 2032 577 eum
2089 528 2233 577 non
2304 508 2634 595 exclusit,
2687 505 3053 583 censeatur.
3102 505 3232 578 sub

534 640 543 645 ·
608 602 926 699 expresso
980 601 1357 674 contineri.
1415 604 1458 672 I.
1496 625 1561 688 4.
1607 604 1670 673 C.
1711 604 1787 673 de
1813 602 1988 700 Post.
2026 604 2224 673 hered.
2263 602 2413 701 inst.
2515 604 2770 691 Unde,
2825 602 2874 675 fi
2936 602 3094 699 quis
3147 602 3230 676 in‘·

600 701 1025 773 infirmitate
1117 698 1375 795 positus
1460 696 1754 771 testatus
1842 698 1925 771 fit
1956 754 1978 788 ‚
2048 718 2335 793 putans
2398 700 2467 772 se
2553 724 2645 773 ex
2728 699 2856 772 ista
2937 698 3234 796 aegritu·

605 798 773 870 dine
827 798 1300 884 moriturum,
1366 794 1634 867 etiamsi
1696 816 1957 890 praeter
2024 795 2216 891 spem
2264 795 2773 891 supervixerit,
2823 819 2968 868 non
3036 821 3232 871 rum·

611 896 820 992 pitur
858 893 1377 966 testamentum.
1428 893 1669 963 Alciat.
1703 895 1780 961 de
1813 895 1996 965 Verb.
2036 897 2217 987 Sign.
2258 895 2368 965 lib.
2413 916 2480 987 3.
2529 919 2593 966 n.
2647 916 2754 982 15.
2859 895 3231 990 Siquidem

610 992 919 1090 provisio
984 990 1171 1063 facta
1233 992 1306 1061 in
1361 996 1581 1061 unum
1644 988 1875 1060 casum
1977 991 2366 1086 porrigitur
2443 992 2531 1063 ad
2625 990 2837 1062 alium
2918 991 3237 1088 ejusdem

615 1109 926 1178 naturae,
983 1089 1055 1160 in
1111 1110 1321 1183 quem
1373 1084 1668 1159 testator
1715 1085 2052 1180 potuisset
2101 1087 2502 1181 providere.
2549 1089 2905 1160 Bartol.ad
2924 1092 2971 1164 I.
3007 1091 3238 1160 Gallus

620 1210 794 1277 29.n
855 1201 920 1270 8.
930 1185 1028 1281 ff.
1053 1186 1292 1257 deLib.
1318 1178 1570 1276 &12on
1669 1182 1873 1255 Hinc
1918 1206 2197 1280 quoque
2249 1183 2602 1278 dispositio
2650 1184 2836 1257 faeta
2886 1186 2962 1257 in
3016 1208 3241 1259 unum

616 1283 892 1371 casum,
942 1305 1153 1377 quem
1202 1278 1353 1376 quis
1407 1280 1703 1372 putabat
1755 1301 2218 1369 eventurum,
2288 1280 2595 1355 trahitur
2643 1282 2732 1354 ad
2781 1281 3042 1373 alium,
3112 1282 3240 1381 qui

617 1401 880 1477 praeter
932 1378 1348 1471 opinionem
1402 1378 1689 1448 evenit:
1773 1377 1936 1473 quia
1995 1377 2475 1472 praesumitur,
2544 1379 2733 1477 quod
2795 1379 3130 1469 testator,
3187 1381 3242 1454 fi

617 1477 710 1549 de
761 1501 848 1547 eo
901 1473 1310 1571 cogitasset,
1360 1493 1483 1545 aut
1539 1473 2019 1570 interrogatus
2070 1473 2350 1564 fuisset,
2402 1477 2661 1549 eodem
2721 1478 2938 1550 modo
3004 1478 3240 1572 dispo-

616 1572 866 1648 suisset.
916 1574 960 1643 l.
1005 1593 1115 1662 25.
1195 1596 1303 1646 .1.
1337 1568 1423 1665 ff.
1459 1572 1585 1643 eod.
1682 1571 1878 1645 Mihi
1926 1590 2165 1645 tamen
2220 1572 2454 1645 verius
2502 1574 2824 1665 videtur,
2874 1573 3234 1647 evanuisse

616 1674 693 1745 in
746 1669 982 1743 nostro
1050 1692 1208 1740 cau
1274 1668 1703 1763 propositam
1770 1667 2321 1762 dispositionem.
2416 1672 2653 1761 Tum,
2724 1671 2912 1768 quod
2962 1670 3078 1743 hic
3120 1696 3242 1745 ca-

619 1768 728 1842 sus
781 1768 863 1840 fit
916 1764 1220 1838 omiss'us.
1320 1766 1553 1852 Tum,
1609 1765 1800 1861 quod
1849 1765 2236 1838 deficiente
2286 1767 2703 1840 conditione
2757 1768 3047 1841 deficiat
3102 1768 3237 1841 dis-

616 1864 898 1961 positio.
1002 1864 1235 1951 Tum,
1284 1862 1473 1958 quod
1523 1859 1899 1956 disponens
1951 1861 2093 1956 ipsa
2139 1862 2209 1934 se
2258 1862 2659 1938 distinxerit
2714 1867 2787 1938 in
2841 1866 3039 1953 casu,
3093 1890 3240 1963 quo

622 1982 791 2038 ante
839 1960 1174 2031 maritum
1222 1959 1649 2030 decederet:
1705 1959 1896 2030 unde
1928 2015 1950 2045 ,
2019 1958 2066 2032 fi
2120 1958 2266 2054 ipsa
2309 1962 2745 2057 supervivat,
2800 1986 2944 2035 non
2997 1965 3233 2036 cense-

619 2079 738 2133 tur
783 2056 1197 2152 disposuisse.
1278 2055 1854 2153 Quotiescunque
1905 2055 2097 2127 enirn
2153 2055 2475 2131 testatrix
2523 2059 2588 2131 se
2642 2059 2780 2154 ipsa
2834 2059 3232 2158 distinguit,

622 2154 974 2241 dicendo,
1028 2151 1405 2239 videlicet,
1454 2152 1501 2224 si
1550 2155 1921 2248 contingat
1987 2177 2101 2224 me
2167 2155 2352 2226 mori
2414 2176 2579 2228 ante
2635 2157 3010 2246 maritum,
3077 2158 3234 2252 ipsi·

624 2275 763 2350 que
836 2250 1263 2348 supervivit,
1315 2248 1670 2327 evanescit
1747 2248 2125 2344 dispositio.
2178 2253 2379 2344 I..30.
2402 2274 2504 2348 pr.
2540 2254 2742 2350 infin.
2763 2253 2860 2351 ff.
2904 2258 2980 2326 de
3014 2256 3232 2329 Adim.

493 2383 541 2451 6
626 2354 728 2423 vel
782 2348 1008 2444 transf.
1080 2351 1271 2445 legat.
1364 2347 1624 2444 Neque
1688 2346 1954 2435 obstat,
2004 2347 2192 2442 quod
2247 2373 2398 2436 ,uno
2467 2352 2623 2423 casu
2687 2351 3010 2447 expresso
3058 2354 3240 2427 alter

628 2472 771 2521 non
820 2446 1186 2520 censeatur
1237 2444 1572 2517 exclusuS.
1676 2444 1865 2546 Quia
1928 2447 2358 2518 contrarium
2429 2471 2673 2520 verum
2742 2448 2844 2522 est
2895 2450 2968 2522 in
3017 2451 3240 2545 pactis

626 2543 878 2620 nostris
929 2545 1305 2618 dotalibus.
1368 2544 1902 2636 ‚Praetcrquani‘
1962 2543 2147 2640 quod
2216 2542 2385 2615 illud
2453 2546 2776 2635 obtinet,
2827 2548 2950 2620 nifi
3006 2548 3233 2644 dispo—

630 2664 805 2720 nens
872 2642 1191 2713 taxative
1253 2636 1329 2708 ἃ
1395 2639 1466 2709 in
1535 2662 1747 2709 unum
1802 2640 2030 2710 casum
2082 2639 2150 2710 se
2204 2639 2754 2739 constringendo
2807 2644 3082 2716 locutus
3132 2645 3249 2723 fit:

631 2739 826 2839 Quin
900 2738 1118 2807 etiam
1184 2733 1354 2805 illud
1416 2734 1742 2824 procedit
1792 2733 1867 2806 in
1920 2736 2113 2823 casu,
2188 2736 2305 2831 qui
2378 2738 2494 2810 sub
2562 2739 2878 2836 expresso
2935 2741 3009 2813 vi
3059 2743 3239 2840 legis

630 2832 1079 2916 continetur,
1127 2829 1349 2905 veluti
1397 2830 1512 2902 sub
1564 2827 1882 2923 exprcffa
1931 2831 2198 2926 vulgari
2249 2835 2731 2910 substitutione
2770 2839 3238 2932 comprehen-

631 2931 823 3002 ditur
888 2928 1250 3024 pupillaris
1315 2927 1558 3001 tacita.
1656 2929 1834 3028 Qua:
1908 2929 2146 3002 omnia
2185 2929 2327 3022 „hic
2399 2933 2658 3007 merito
2728 2933 2978 3009 fallunt
3016 2992 3038 3023 ,
3115 2938 3235 3010 ubi

628 3025 872 3123 sponsa
919 3025 986 3098 se
1053 3023 1371 3121 expresse
1436 3024 1525 3096 ad
1591 3047 1809 3096 unum
1874 3024 2102 3098 casum
2167 3026 2682 3118 adstrinxemt3
2745 3057 2900 3129 quae
2948 3032 3235 3107 fortasse

629 3124 849 3196 etiam
899 3123 1131 3218 plures
1178 3120 1906 3208 habuerit.ratione8‚
1957 3124 2047 3195 ob
2096 3146 2264 3218 quas
2310 3125 2520 3221 plane
2567 3129 2757 3206 aliud
2820 3132 2898 3204 in
2931 3129 3230 3225 casum,

631 3246 772 3323 quo
821 3220 1369 3318 superviveret,
1399 3217 1688 3299 voluiffe
1739 3218 2005 3295 censeri
2056 3217 2303 3319 poss'ct.
